2978 4822
800 317 841 378 54

394 515 513 577 latrare
539 540 582 571 z
609 511 770 598 postulase
793 533 830 576 ao
852 510 994 595 flagitare
1016 509 1054 572 Π
1078 511 1117 573 17
1143 528 1210 594 sqq.

390 620 580 706 pruedieere
602 617 640 682 Π
663 620 737 684 641.

395 727 489 812 sequi
511 724 549 789 H
573 729 636 791 983
661 747 727 812 sqq.

395 835 532 899 suadere
554 832 610 902 IV
624 835 709 898 1149
733 855 779 918 sq.
789 836 822 916 ¹).

396 941 463 1005 siu·
484 961 612 1004 sumere
634 940 654 1004 I
677 941 751 1005 876.

397 1048 505 1112 uidere
527 1046 610 1130 qu
632 1049 707 1112 465.

345 1173 515 1239 Praeterea
536 1196 567 1258 p.
591 1180 627 1237 ut
649 1173 791 1258 sequitur
813 1172 892 1238 haec
916 1170 1129 1236 substantiva:

393 1286 537 1365 potestas
559 1279 596 1347 V
610 1281 705 1345 1046.

396 1387 482 1452 ratu'o
505 1386 561 1456 VI
586 1390 662 1467 132,
686 1389 760 1452 639.

344 1512 504 1578 Particula
525 1534 567 1576 ue
589 1510 708 1599 pendet
730 1512 916 1599 praesertim
938 1533 979 1575 ex
1003 1509 1052 1574 his
1075 1508 1196 1574 verbis:

394 1620 567 1705 prohibere
588 1618 626 1683 11
650 1622 724 1685 288.

400 1733 506 1791 tenere
530 1755 564 1783 s:
595 1725 760 1812 prohibere
783 1725 802 1789 Ι
827 1727 922 1790 1009.

400 1834 504 1898 uitare
528 1853 669 1898 errorem
691 1833 747 1902 IV
760 1836 834 1899 821.

399 1941 504 2006 uitare
525 1940 582 2009 IV
596 1943 690 2006 1138.

398 2053 540 2113 metuere
573 2046 628 2110 HI
665 2050 765 2128 1020;
802 2046 858 2115 VI
893 2049 956 2111 597
993 2068 1039 2130 sq.
1106 2043 1328 2135 Memorabilis
1365 2049 1410 2107 est

241 2155 294 2220 ΠΙ
319 2158 380 2221 771
406 2177 465 2241 sq„
494 2155 549 2220 ubi
578 2154 710 2220 verbum
742 2152 903 2219 metuendi
934 2160 966 2218 et
995 2175 1066 2216 oum
1095 2151 1252 2215 infinitivo
1282 2158 1316 2215 et
1343 2171 1409 2214 cum

239 2287 269 2350 p.
292 2285 334 2328 ue
356 2263 560 2328 coniunctum
583 2270 645 2327 est:
669 2262 789 2327 metuit
809 2282 943 2326 munere
967 2311 975 2326 .
1003 2311 1009 2324 .
1035 2265 1066 2324 et
1087 2281 1129 2324 ue
1151 2259 1271 2322 obruat
1296 2309 1302 2322 .
1332 2261 1370 2339 .²)

399 2370 505 2434 uereu'
526 2369 546 2433 I
569 2371 626 2448 80,
649 2371 724 2432 414.

334 2473 335 2479 ’
399 2475 552 2560 diffidere
574 2475 612 2543 V
624 2478 698 2540 978.

347 2601 423 2666 Huc
446 2601 645 2668 substantiva
667 2622 791 2686 quoque
814 2600 987 2686 peminent:

400 2729 482 2774 cura
504 2708 541 2776 V
555 2711 639 2773 1205
664 2729 731 2794 sqq.

402 2816 501 2880 timor
522 2815 560 2883 V
573 2817 656 2880 1221
682 2837 742 2900 sq.;
764 2814 820 2883 VI
844 2815 908 2879 604
932 2835 977 2899 sq.

348 2940 423 3005 Hoc
451 2940 522 3005 loco
551 2961 616 3004 non
646 2940 781 3004 alienum
812 2960 882 3004 esse
905 2938 1032 3004 videtur
1061 2955 1154 3022 agere
1184 2936 1224 3001 de
1254 2934 1411 3022 particulis
1466 2977 1467 2980 κ

243 3049 423 3134 quominus
438 3055 472 3111 et
487 3047 580 3132 quiu,
597 3069 729 3133 quamm
744 3068 820 3111 usus
837 3045 921 3132 apud
936 3046 1120 3109 Lucretium
1136 3044 1213 3109 satis
1229 3065 1343 3130 parcus
1359 3049 1411 3106 est.
1466 3051 1467 3112 ζ

348 3194 377 3274 8)
399 3189 436 3254 P.
460 3190 640 3275 quomium
661 3196 757 3277 poeta
779 3211 855 3254 usus
879 3195 928 3254 est
950 3195 1037 3276 post:

401 3316 560 3436 uu
630 3334 799 3452 18...

397 3423 570 3510 prolubere

403 3532 529 3596 obstare
714 3529 731 3620 Ι

403 3643 518 3703 eontra
535 3657 689 3723 puyuure
715 3621 728 3708 I
758 3582 778 3647 I
802 3585 866 3658 78⁹⁰
890 3604 937 3668 Sq'

352 3887 371 3953 ¹)
392 3887 511 3941 Suadere
529 3903 593 3941 cum
611 3886 751 3941 infinitivo
770 3887 896 3941 iunctum
915 3885 1000 3940 habes
1019 3887 1034 3940 I
1056 3888 1104 3939 141
1125 3903 1178 3956 sq.;
1198 3885 1230 3939 II
1250 3885 1310 3938 171.

353 3986 372 4053 ²)
391 3985 507 4039 Metuere
526 4002 589 4040 cum
608 3985 747 4040 infinitivo
766 3985 892 4040 iunctum
912 4009 946 4034 =
965 3985 1051 4039 vereri
1068 3983 1154 4038 habes
1172 3983 1217 4038 VI
1236 3984 1296 4038 565.

348 4083 368 4151 ⁸)
388 4083 457 4136 Aliis
475 4083 542 4138 locis
561 4088 624 4154 post
638 4083 724 4137 verba
742 4082 908 4153 prohibendi
922 4089 950 4136 et
964 4081 1132 4152 impediendi
1147 4081 1303 4134 infinitivus
1317 4079 1415 4149 legitur

241 4173 256 4226 1
277 4174 342 4239 438;
362 4173 410 4226 111
430 4173 491 4241 322,
510 4174 575 4238 882;
596 4172 641 4226 1v
660 4173 720 4240 918,
742 4173 819 4240 1261,
838 4178 887 4227 aut
904 4191 939 4227 m
957 4171 989 4226 11
1008 4173 1069 4228 288.
