2978 4822
620 303 662 368 47

163 505 194 586 g)
214 506 386 585 propterea
415 499 453 563 H
483 502 557 581 640,
588 503 669 579 835,
698 499 754 567 IV
779 503 852 579 248,
880 503 952 581 375,
983 502 1065 580 864;
1095 499 1131 566 V
1154 503 1229 576 427,

68 612 133 688 539,
156 610 229 688 633,
254 610 328 688 697,
353 610 426 688 702,
452 610 536 672 1444
545 632 554 687 ;
579 607 633 675 Vl
657 610 731 688 374,
754 609 828 672 876.
862 606 915 671 Ex
937 606 1131 671 Lachmanni
1154 629 1230 671 con·

66 714 175 779 iectura
204 736 288 779 nunc
317 715 350 777 in
380 714 572 778 editionibus
602 713 859 778 Lachmanniana
888 721 921 778 56
949 714 1164 797 Bernaysiana
1192 713 1230 777 Π

67 823 123 886 963
155 843 212 907 prc
242 820 333 886 codd.
364 821 518 907 scriptura
543 828 715 906 practerea
745 821 860 906 legitur
889 826 1073 905 propterca.
1121 821 1168 884 At
1197 821 1229 885 in

65 937 165 1012 aperto
189 936 239 993 est
261 927 449 994 servandam
472 949 542 992 esse
557 952 595 1014 p.
614 933 798 1012 praetcrea,
827 950 921 1013 quam
949 950 1006 991 555
1030 930 1097 992 1555
1121 927 1230 992 defen-

64 1033 277 1115 (1556Μ5555,
299 1035 548 1116 Bcckemueller,
572 1035 745 1100 Goebelius
762 1035 919 1118 (Quaestt
935 1059 965 1121 p.
984 1038 1044 1119 15),
1067 1034 1230 1100 Winckel-

64 1163 188 1206 mannus
218 1143 248 1226 (1.
278 1165 304 1208 5.
334 1166 364 1228 p.
396 1145 462 1226 15),
495 1141 703 1207 Susemihlius
733 1141 856 1226 (Philol.
886 1141 994 1208 XXV
1031 1165 1061 1228 p.
1092 1143 1133 1206 86
1164 1147 1230 1227 sq.),

63 1247 187 1333 Brieger
209 1248 333 1334 (Philol.
356 1241 462 1317 XXV
487 1273 518 1336 p.
542 1252 604 1333 88).
649 1249 733 1313 Nam
755 1257 878 1313 tanturn
906 1249 996 1313 abest
1023 1255 1059 1312 ut
1080 1256 1175 1335 poeta
1197 1250 1229 1312 in

64 1377 90 1418 v.
113 1358 175 1422 963
205 1357 440 1421 conclusionem
468 1355 566 1421 155156
595 1364 631 1420 56
653 1355 739 1421 aliud
762 1355 903 1442 proferat
925 1363 1144 1440 argumentum
1166 1378 1229 1441 quo

63 1463 170 1546 probet
192 1463 364 1549 primordia
388 1466 472 1528 omni
496 1486 590 1528 sensu
614 1486 729 1528 555555.
767 1463 817 1527 Ea
832 1475 956 1547 555555
972 1462 1057 1526 55115
1073 1461 1112 1526 de
1136 1485 1230 1526 causa

63 1571 209 1656 principia
239 1593 367 1635 sensum
396 1571 516 1636 nullum
548 1571 663 1636 habere
695 1570 870 1657 putandum
909 1592 980 1634 esse
1010 1569 1096 1655 quod
1127 1592 1229 1654 neque

64 1677 219 1763 voluptate
241 1700 344 1763 neque
367 1677 475 1743 dolore
498 1677 681 1742 afficiantur.

164 1803 403 1888 stcptcrcaqac
426 1811 531 1867 exstat
552 1802 589 1866 Π
612 1804 677 1868 406
684 1828 692 1884 ;
715 1802 771 1871 IV
795 1806 858 1868 932
865 1827 874 1883 3
898 1802 933 1871 V
948 1805 1020 1883 117,
1047 1805 1152 1887 1571).

162 1910 195 1994 11)
218 1916 389 1996 eapropter
411 1933 474 1974 uno
498 1911 568 1974 loco
591 1911 707 1995 legitur
728 1910 783 1977 IV
797 1912 870 1976 311.

162 2018 185 2102 i)
217 2023 417 2103 quapropter
447 2017 632 2104 particulam
665 2018 764 2082 vicies
798 2018 901 2081 sexies
931 2017 1016 2103 apud
1046 2017 1229 2081 Lucretium

63 2125 171 2189 inveni.
233 2127 282 2188 Ac
311 2132 400 2189 tenet
427 2148 458 2211 p.
490 2124 558 2189 lere
590 2126 726 2211 primum
761 2125 935 2188 sententiae
969 2125 1071 2189 locum
1106 2132 1231 2211 practer

63 2228 95 2292 Π
117 2235 181 2297 238
205 2239 238 2295 56
262 2233 362 2313 1646,
381 2232 442 2297 'ubi
467 2232 607 2297 secundo
630 2231 701 2296 loco
723 2233 828 2318 posita
851 2239 913 2312 556,
942 2239 974 2295 56
995 2231 1051 2300 IV
1068 2236 1146 2312 235,
1176 2233 1230 2296 5111

63 2347 204 2420 quartum
226 2339 331 2402 locum
359 2347 501 2426 occupat.
546 2339 679 2424 Legitur
707 2347 812 2404 autern
839 2363 869 2425 p.
893 2339 1132 2424 quoproptcrl
1159 2342 1231 2420 127,

64 2447 132 2524 398,
157 2448 231 2527 557,
255 2448 377 2511 635:
394 2450 456 2511 705
467 2452 500 2529 2),
526 2450 604 2527 794;
626 2446 664 2509 Π
689 2449 741 2527 37,
766 2449 838 2526 155,
863 2449 937 2526 238,
961 2449 1034 2526 297,
1060 2450 1133 2524 313,
1155 2450 1230 2524 442,

64 2552 132 2632 998,
157 2555 244 2617 1944
267 2554 387 2637 (deciae
410 2559 633 2640 quapropter),
659 2557 762 2634 1084;
782 2553 838 2616 ΠΙ
864 2557 925 2618 130
951 2559 1161 2638 (quapropter
1186 2606 1192 2618 .
1221 2606 1227 2618 .

166 2805 185 2872 ¹)
205 2804 350 2872 Propterea
368 2806 440 2873 qaod
457 2805 541 2858 octies
560 2805 587 2856 in
607 2804 729 2866 carmine
748 2803 914 2858 Lucretiano
933 2804 1041 2873 legitur,
1066 2821 1131 2858 cum
1145 2823 1229 2873 prop-

62 2895 128 2944 terca
146 2893 215 2961 quic
233 2893 315 2946 vicies
333 2899 432 2964 quater
450 2898 547 2947 exstet.
585 2893 619 2946 In
638 2893 691 2947 hac
710 2911 819 2963 555555
838 2910 876 2960 55,
895 2892 970 2963 quod
988 2912 1015 2964 p.
1035 2893 1103 2962 quic
1121 2894 1230 2964 saepius

62 2981 147 3035 utitur
166 2999 251 3052 quam
270 3000 297 3052 p.
316 2985 387 3051 qaod
405 2983 550 3037 Lucretius
570 2988 673 3037 veteres
692 2989 803 3037 secutus
826 2987 868 3036 556
886 2983 1045 3053 scriptoresr,
1069 2982 1143 3054 apud
1162 3000 1230 3053 5555

62 3086 85 3137 p.
103 3073 174 3140 qaod
192 3089 254 3126 5555
272 3073 328 3127 vim
347 3073 484 3127 causalem
503 3072 596 3126 habet.

166 3180 186 3250 2)
205 3179 349 3236 1155155155
372 3180 400 3250 (l.
420 3198 446 3250 p.
467 3181 501 3236 29
519 3182 589 3251 sqq.)
613 3199 670 3235 av.
695 3182 746 3236 705
766 3186 793 3234 56
813 3181 864 3236 700
888 3198 938 3236 555
961 3181 1022 3236 1555
1045 3182 1149 3251 positos
1172 3197 1230 3235 5555

61 3265 150 3338 ibique
170 3269 273 3340 optime
292 3270 428 3339 quadrare
447 3275 520 3325 55565
540 3270 656 3335 iudicat3
676 3271 766 3340 priore
781 3276 872 3323 556515
889 3271 957 3337 1555,
977 3271 1117 3341 163555,
1136 3288 1230 3325 versus

61 3372 77 3408 a
93 3364 176 3427 poeta
193 3359 309 3429 scriptos
328 3377 386 3413 5555
405 3365 495 3430 negat.
533 3360 626 3426 Quare
644 3377 701 3414 av.
717 3362 768 3414 635
784 3365 812 3414 56
826 3362 878 3414 036
897 3359 995 3413 editori
1015 3359 1113 3413 tribuit
1132 3361 1179 3429 qui
1198 3378 1231 3414 ec

61 3447 172 3502 consilio
198 3465 245 3504 555
270 3450 415 3503 inseruerit
440 3455 473 3503 56
499 3454 593 3521 aptam
620 3449 777 3503 restitueret
800 3450 998 3502 sententiarum
1018 3448 1229 3502 cohaerentiam.

61 3535 235 3592 Ρ565655115
262 3539 303 3593 vir
329 3539 427 3593 doctus
452 3539 617 3610 particulam
644 3544 807 3607 quapropter
832 3539 870 3603 (in
890 3556 915 3592 v.
935 3539 1010 3607 635),
1037 3555 1108 3607 quae
1134 3538 1230 3592 ceteris

60 3624 123 3681 locis
142 3628 272 3682 carminis
291 3628 450 3682 Lucretiani
475 3646 579 3682 meram
604 3627 786 3682 concludendi
809 3628 864 3682 vim
883 3627 998 3694 habeat,
1023 3626 1151 3682 1155555
1170 3627 1231 3682 1555

61 3715 107 3768 5511
122 3717 310 3772 coniunctioni
326 3719 466 3772 inservire.
496 3719 570 3771 Bene
588 3726 685 3772 contra
698 3717 771 3772 hanc
786 3718 905 3772 Gneiesii
920 3718 1085 3770 sententiam
1100 3716 1231 3771 dixerunt

60 3804 174 3860 Tchtius
201 3807 312 3877 (Annul.
332 3808 400 3878 phil.
421 3809 471 3862 119
500 3826 526 3878 p.
546 3810 598 3862 545
618 3812 682 3878 55),
710 3808 823 3878 Brieger
851 3807 987 3877 (Bursian,
1015 3807 1172 3862 Jahresber.
1198 3808 1230 3862 18

61 3912 84 3963 p.
103 3898 156 3951 202
171 3900 235 3968 55),
263 3897 445 3952 Lohmannus
474 3897 501 3966 11.
521 3914 544 3951 c.
564 3916 590 3968 p.
612 3901 645 3951 14
659 3901 724 3967 55),
751 3898 800 3968 551
827 3897 978 3951 ostendunt
1007 3915 1030 3952 v.
1050 3901 1102 3952 635
1121 3914 1230 3968 555555

60 3993 221 4056 quapropter
238 3987 425 4042 conclusivam
444 3987 607 4057 particulam
628 4005 686 4041 esse
705 4004 821 4056 eamque
844 3987 956 4041 obrem
982 3986 1143 4041 servandam
1164 4004 1230 4052 5555,

60 4091 226 4146 quamquam
245 4075 363 4130 Tohtius
381 4081 409 4131 56
432 4076 613 4130 Lohmannus
636 4094 668 4130 eo
694 4077 828 4130 inclinant
851 4081 883 4129 56
901 4081 1000 4147 putent
1020 4095 1070 4131 v.v.
1090 4077 1231 4131 635-704

60 4175 154 4232 postea
172 4183 189 4219 a
207 4171 290 4237 poeta
307 4167 423 4220 insertos
442 4183 508 4220 esse.
