2978 4822
823 288 865 350 34

737 379 950 386 ———

257 484 393 549 inveniri
415 481 600 547 incredibile
624 489 682 546 est
720 480 856 546 Accedit
872 480 957 566 quod
973 481 1199 546 sententiarum
1214 481 1294 546 ratio
1309 481 1429 566 flagitat

258 599 294 655 ut
312 615 343 677 p.
364 591 453 655 euim
473 612 545 653 cum
564 589 671 655 verbis
690 611 849 674 praeseus
869 591 959 652 dolor
979 589 1196 673 exsuperabat
1214 589 1428 673 coniungatur.

257 698 482 783 Praeterquam
506 698 589 760 enim
612 696 697 781 qnod
721 695 896 782 asyndeton
919 695 1063 759 hocloco
1080 695 1246 760 molestum
1263 703 1321 775 est,
1343 694 1429 758 Thu-

258 803 381 890 cydidis
405 803 502 869 verba
524 805 557 866 in
579 803 625 883 H,
651 807 702 884 52,
728 807 756 883 3,
779 825 871 888 quem
895 802 997 866 locum
1021 801 1188 866 Lucretius
1216 801 1267 865 hic
1288 801 1429 866 imitatus

259 920 316 992 est,
340 910 557 975 demonstrant
579 934 609 997 p.
633 911 723 975 entra
746 917 821 996 post
839 910 1070 995 pendebantur
1092 909 1195 973 locum
1218 931 1282 972 non
1305 907 1429 973 habere.

257 1018 390 1102 Legitur
408 1020 492 1083 enim
509 1017 554 1082 ibi
578 1013 858 1108 ὑπερβιαζομένου
881 1015 941 1106 γὰρ
965 1019 1021 1084 τοῦ
1037 1021 1139 1084 κακοῦ
1155 1014 1185 1084 οἱ
1204 1007 1383 1106 ἅνθρωποι
1400 1070 1429 1082 ..

258 1123 291 1204 ἒς
323 1118 493 1216 ὀλιγωρίαν
526 1117 706 1215 ἐτράποντο
739 1177 746 1191 .
781 1176 789 1191 .
824 1122 923 1209 Apud
954 1121 1174 1208 Thucydidem
1206 1122 1302 1208 igitur
1334 1123 1431 1187 verba

257 1227 538 1320 ὑπερβιαζομένου
567 1234 623 1300 τοῦ
654 1236 756 1299 κακοῦ
783 1252 907 1294 causam
936 1231 1098 1294 continent
1120 1251 1176 1294 cur
1197 1229 1341 1294 homines
1366 1230 1431 1316 pie·
1470 1267 1471 1290 l

181 1379 183 1384 ·
258 1346 354 1403 tatem
385 1361 459 1424 erga
489 1339 566 1404 deos
596 1337 799 1423 neglexerint
845 1337 954 1415 Quare
984 1337 1039 1402 vix
1068 1335 1198 1401 dubium
1227 1359 1296 1401 esse
1325 1345 1431 1423 potest

258 1449 333 1532 quin
372 1446 538 1510 Lucretius
577 1467 703 1530 quoque
738 1445 874 1509 voluerit
913 1445 978 1508 suis
1013 1443 1119 1508 verbis
1149 1465 1308 1529 praescus
1342 1446 1432 1508 dolor

171 1635 173 1640 Ι
259 1555 475 1639 casaperubut
496 1574 623 1616 causam
645 1553 750 1616 inesse
773 1573 829 1614 our
851 1572 952 1636 noque
974 1550 1036 1614 iam
1057 1550 1167 1636 religio
1183 1549 1313 1615 deorum
1329 1573 1430 1636 neque

258 1661 386 1724 numina
415 1661 521 1744 magni
551 1658 771 1746 penderentur.
816 1658 909 1736 Quae
939 1679 1010 1721 cum
1040 1658 1085 1722 ita
1114 1657 1178 1722 sint
1207 1679 1278 1721 oum
1302 1656 1430 1723 Gifanio

257 1768 361 1831 locum
384 1767 430 1830 sio
451 1764 620 1852 legendum
649 1787 720 1830 esse
743 1787 873 1830 censeo:
904 1786 963 1829 occ
990 1765 1061 1829 ium
1090 1765 1203 1848 calipto
1233 1765 1345 1829 divom
1375 1787 1431 1829 ννοο

258 1875 403 1938 camiac
418 1875 534 1957 mupua'
544 1873 795 1959 pendebantur;
819 1873 909 1936 eut'm
920 1894 1078 1957 praeseus
1098 1873 1189 1937 dolor
1203 1873 1427 1956 casaperobot.

257 1981 345 2046 Talis
360 1989 466 2045 autem
481 2004 511 2066 p.
528 1981 617 2045 euim
632 1980 797 2044 collocatio
813 1978 898 2066 apud
913 1979 1058 2064 antiquos
1075 1979 1244 2066 scriptores
1260 1978 1430 2058 Romanos,

258 2110 392 2174 quorum
413 2110 512 2173 genus
537 2087 662 2152 dicendi
677 2086 845 2152 Lucretius
861 2088 1001 2150 imitatus
1018 2092 1075 2166 est,
1097 2107 1162 2149 non
1178 2107 1247 2150 raro
1263 2085 1429 2150 invenitur.

365 2195 447 2260 (lum
476 2195 649 2281 particulae
679 2216 806 2279 quoque
829 2200 862 2257 et
885 2195 974 2257 euim
997 2193 1228 2278 coniunguntur
1250 2215 1280 2278 p.
1303 2213 1429 2277 quoquo

258 2302 439 2383 secundum,
462 2326 492 2389 p.
515 2303 605 2367 euim
627 2303 757 2365 tertium
778 2301 882 2364 locum
905 2300 1079 2364 sententiae
1103 2308 1235 2386 occupat
1256 2298 1275 2362 I
1301 2303 1366 2365 935
1392 2327 1427 2360 :

257 2410 312 2478 IV
338 2413 377 2474 10
401 2410 438 2473 e'd
467 2430 593 2493 quoquc
617 2409 725 2486 οννννο,
756 2407 812 2474 IV
835 2409 899 2472 273
929 2407 960 2470 a's
990 2429 1116 2492 quoque
1146 2408 1255 2486 euim,·
1289 2406 1342 2473 VI
1369 2410 1428 2471 113

257 2517 295 2580 a
317 2536 443 2600 quoque
467 2515 566 2596 euim,
593 2516 655 2578 116
679 2515 721 2598 fit
743 2535 871 2599 quoquo
894 2515 1027 2597 aalma,
1052 2516 1115 2579 610
1131 2515 1169 2579 td
1183 2535 1310 2597 quoquo
1329 2515 1428 2578 entra.

258 2623 388 2687 Praeter
422 2621 480 2686 hos
514 2622 600 2685 locos
635 2621 805 2708 particulae
838 2642 965 2706 quoque
999 2629 1031 2685 et
1066 2622 1156 2686 etaim
1188 2621 1276 2685 iuxta
1308 2621 1430 2707 positae

369 2803 388 2866 ¹)
407 2801 630 2870 Kanncngicsser
651 2801 678 2869 (l.
698 2817 720 2854 c.
740 2818 767 2870 p.
787 2801 821 2854 36
840 2803 910 2870 sqq.)
929 2817 980 2855 v.v.
1001 2799 1044 2854 Vl
1065 2801 1204 2854 102-115
1223 2804 1303 2853 extra
1320 2816 1428 2852 carmen

260 2890 421 2944 continuum
442 2889 558 2959 scriptos
577 2906 635 2942 esse
654 2894 743 2959 putat.
780 2888 863 2942 Delct
882 2889 966 2959 igitur
984 2889 1046 2942 illos
1065 2906 1159 2942 versus
1178 2894 1206 2942 et
1224 2906 1281 2944 v.v.
1303 2891 1353 2943 116
1371 2905 1429 2959 sqq.

258 2980 426 3049 excipientes
445 2979 513 3031 lacit
531 2996 583 3032 v.v.
603 2979 735 3033 tlt-101.
778 2978 861 3044 Quod
879 2995 944 3032 vero
963 2979 992 3030 in
1010 2977 1063 3031 hac
1081 2995 1211 3032 versuum
1237 2978 1430 3032 coniunctione
1469 3001 1470 3046 l

259 3087 285 3138 p.
305 3069 379 3121 urr'ra
398 3068 427 3120 in
446 3085 470 3121 v.
492 3070 542 3121 116
561 3067 656 3136 inepta
674 3073 743 3134 erat,
761 3084 811 3137 pro
830 3067 909 3121 codd.
929 3068 1066 3138 scriptura
1083 3070 1118 3136 (v.
1140 3069 1216 3136 116);

363 3157 396 3225 fit
415 3174 517 3225 quoquc
535 3157 609 3209 euim
625 3157 765 3210 interdum
782 3162 813 3209 ut
832 3161 872 3226 (ut
886 3156 1020 3226 praebent
1034 3155 1113 3210 codd.
1126 3156 1285 3225 deteriores)
1303 3173 1359 3209 acu
1373 3161 1428 3209 tum

1005 3264 1163 3300 corzrarrerc
1181 3247 1264 3300 nubea

257 3334 433 3390 scribendum
453 3336 583 3390 coniecit:

363 3427 395 3494 fat
414 3443 516 3495 quoquc
534 3431 564 3479 ul
583 3427 722 3479 interdum
739 3443 796 3478 ννονν
814 3431 871 3479 lum
890 3443 912 3479 ο.
931 3443 958 3479 a.

258 3516 341 3570 Hane
360 3517 546 3570 coniecturam
571 3533 650 3568 suam
674 3532 724 3585 pro
742 3515 814 3569 virili
834 3521 911 3584 parte
935 3514 1083 3569 detondere
1108 3514 1209 3569 studet.
1247 3514 1378 3569 Attamen
1399 3532 1430 3568 ca

258 3622 369 3674 prorsus
384 3606 458 3658 omni
474 3604 669 3674 probabilitate
684 3610 768 3671 caret,
782 3603 857 3674 qnod
872 3605 914 3658 vir
927 3602 1026 3658 doctus
1040 3604 1110 3658 falso
1125 3605 1224 3658 nititur
1238 3604 1428 3658 fundamento.

257 3694 343 3746 Putat
361 3694 434 3747 enim
454 3693 677 3763 Kanncngicsser
694 3693 758 3747 inde
778 3711 794 3746 a
813 3711 838 3747 v.
856 3695 906 3748 116
924 3699 1035 3763 poetam
1055 3693 1090 3747 ad
1110 3692 1186 3747 aliud
1205 3694 1326 3747 tonitrus
1344 3711 1429 3763 genus

257 3782 419 3852 transgredi,
438 3799 502 3836 cum
520 3799 549 3836 re
568 3799 634 3836 vora
652 3800 703 3836 v.v.
717 3784 767 3837 116
778 3799 836 3852 sqq.
852 3783 1027 3852 explicentur
1045 3800 1085 3850 ea,
1104 3799 1175 3853 quae
1194 3784 1223 3836 in
1243 3801 1294 3838 v.v.
1311 3785 1362 3838 108
1372 3799 1429 3854 sqq.

256 3871 394 3941 leguntur.
432 3871 592 3926 Secundum
611 3873 732 3925 tonitrus
751 3889 837 3942 genus
856 3890 881 3926 v.
897 3873 944 3926 121
966 3871 1077 3926 domurn
1097 3877 1335 3927 commemoratur.
1369 3872 1429 3928 Scr-

257 3960 349 4014 vanda
367 3965 409 4013 est
427 3961 512 4030 igitur
530 3961 558 4014 in
577 3979 602 4015 v.
625 3963 674 4015 116
694 3961 772 4015 codd.
793 3961 935 4014 momoria.
973 3962 1112 4028 Ceterum,
1130 3967 1163 4015 nt
1182 3963 1277 4032 paucis
1292 3962 1429 4031 proferam

257 4067 350 4102 meum
376 4049 411 4103 dc
436 4048 489 4103 hoc
515 4049 575 4104 loco
600 4050 747 4118 iudicium,
772 4067 829 4104 non
855 4050 944 4104 solum
964 4069 1015 4106 v.v.
1037 4052 1190 4118 102-115,
1210 4051 1256 4104 sed
1276 4052 1358 4105 etiam
1379 4068 1429 4105 v-v.

258 4139 397 4194 116-120
416 4143 495 4192 extra
513 4140 674 4193 continuum
695 4157 805 4194 carmen
825 4141 942 4210 scriptos
961 4157 1019 4193 esse
1038 4140 1138 4195 iudico.
