2978 4822
619 323 660 390 35

52 517 180 586 exstant
200 519 256 584 111
279 523 353 586 412.
400 518 464 586 Sed
495 542 553 584 suo
583 520 650 585 iure
673 519 803 585 Iachm.
832 519 916 584 hunc
945 543 1072 584 versum
1099 518 1227 585 delevit

51 628 136 692 Nam
166 628 193 692 si
222 627 322 693 refers
353 649 425 692 eum
454 626 495 692 ad
526 649 652 692 versum
682 627 737 713 qui
767 625 927 692 antecedit
956 628 1041 691 omni
1071 627 1227 692 sententis

51 743 155 815 caret;
184 737 233 800 sin
262 742 369 800 autem
397 733 499 799 refers
529 733 570 799 ad
600 756 630 800 v.
654 737 718 800 410
743 755 996 820 supervacaneus
1020 742 1053 798 et
1075 735 1229 799 molestus

51 848 109 921 est,
134 864 236 927 neque
259 841 431 928 quidquam
452 840 614 928 proficitur
637 864 709 906 cum
737 841 836 907 verba
857 842 895 906 c'd
917 863 1044 927 quoque
1067 842 1157 907 enc'm
1182 892 1189 907 .
1217 893 1224 906 .

50 948 91 1013 ad
126 956 224 1014 totam
254 949 443 1014 senteutiam
474 949 650 1013 drammodo
681 970 723 1012 ne
766 987 809 996 -
853 949 1024 1034 relinquas
1062 947 1227 1014 referenda

51 1078 125 1122 esse
147 1055 277 1120 iudicas.

119 1245 123 1252 .
161 1162 236 1228 Uno
258 1163 337 1244 loco,
360 1162 416 1231 IV
440 1166 514 1243 524,
536 1170 680 1228 recentes
704 1161 860 1228 editiones
883 1185 914 1248 p.
930 1184 1057 1247 qnoque
1079 1165 1174 1228 tertio
1198 1171 1231 1227 et

50 1294 79 1356 p.
105 1270 198 1334 enc'm
220 1277 332 1356 quarto
355 1270 425 1334 loco
448 1269 574 1335 habent.
619 1268 717 1348 Quod
741 1269 823 1334 cuim
849 1270 881 1334 in
905 1268 997 1334 codd.
1020 1270 1150 1355 legitur:

145 1398 332 1462 corpoream
356 1398 484 1463 quoque
508 1378 598 1441 enim
621 1383 770 1443 constare
792 1377 999 1462 fatendumst

49 1483 184 1548 Imchm.
208 1484 253 1548 sic
275 1484 437 1570 explevit:

144 1611 332 1678 corpoream
353 1613 463 1657 uocem
485 1613 612 1677 quoque
636 1592 726 1656 enc’m
749 1597 897 1656 constare
919 1591 1143 1676 fatendumst,-

161 1696 398 1762 Lachmannum
430 1699 530 1763 secuti
561 1706 635 1763 sunt
664 1721 774 1763 omnes
804 1698 942 1764 editores
972 1706 1006 1763 et
1032 1699 1231 1785 interpretes,

51 1827 134 1892 quos
167 1803 294 1890 quidem
326 1805 478 1871 noverim.
529 1805 613 1870 Mihi
646 1813 750 1870 autem
780 1797 975 1870 Lachmanni
1004 1806 1137 1871 mutatio
1167 1828 1231 1870 non

52 1912 206 2000 probatur
235 1934 273 1976 eo
301 1910 342 1977 de
371 1934 466 1977 causa
496 1911 580 1998 quod
611 1913 723 1978 ceteris
751 1913 898 1977 omuibus
921 1913 1000 1977 locis
1023 1913 1234 1991 Lucretiam,

53 2021 108 2084 ubi
131 2019 247 2105 legitur
269 2040 396 2104 quoque
419 2020 523 2102 enim,
553 2043 585 2106 p.
608 2021 698 2084 enc'm
721 2022 815 2084 tertio
838 2019 909 2084 loco
933 2020 1087 2084 collocata
1110 2028 1172 2101 est,
1200 2028 1234 2084 et

53 2148 184 2212 quoquc
215 2124 354 2190 secundo
387 2134 422 2190 ut
453 2127 548 2213 paulo
586 2149 682 2214 supra
716 2126 850 2192 ostendi.
909 2127 1101 2193 Persuasum
1138 2129 1235 2213 igitur

52 2232 157 2299 habeo
179 2255 315 2314 versum,
338 2233 465 2319 dequo
488 2236 619 2320 agimus,
643 2235 688 2299 sic
711 2233 880 2320 legendum
903 2256 989 2299 esse:

145 2362 333 2427 corpoream
356 2362 483 2426 quoque
506 2342 596 2406 enr'm
620 2363 729 2407 nocem
753 2347 901 2407 constare
923 2342 1140 2426 fatendumst.

163 2447 213 2512 Ne
243 2470 320 2515 vero
347 2456 440 2534 putes
470 2449 660 2515 vocabulum
683 2471 801 2533 uocem,
825 2449 943 2537 quippe
966 2449 1052 2536 quod
1075 2448 1233 2530 efferetur,

53 2565 129 2620 ante
153 2578 184 2641 p.
199 2577 326 2640 quoque
348 2555 530 2642 ponendum
553 2579 633 2638 esse,
656 2556 825 2648 Lucretius
849 2557 1033 2643 saepissime
1056 2581 1086 2643 p.
1106 2578 1233 2642 qnoque

53 2663 186 2728 insolito
215 2685 303 2726 more
332 2665 456 2749 posuit,
486 2671 522 2727 ut
551 2686 614 2728 nou
645 2666 674 2729 ei
704 2664 778 2729 voci
808 2663 931 2728 adnexa
954 2664 1011 2744 sit,
1040 2686 1121 2749 quae
1144 2663 1235 2728 alteri

54 2777 244 2857 opponatur,
267 2768 324 2834 sed
347 2770 401 2834 alii
424 2770 569 2856 cuipiam,
592 2780 628 2836 ut
647 2771 800 2857 exemplis
823 2772 900 2835 satis
923 2770 1031 2835 multis
1050 2770 1234 2856 Holtzius1)

54 2876 284 2963 comprobavit
324 2876 472 2942 Ceterum
496 2878 529 2941 in
545 2877 599 2943 illa
613 2877 830 2960 collocatione,
853 2900 946 2964 quam
963 2900 1059 2965 supra
1074 2878 1235 2965 proposui,

54 2986 112 3049 ubi
148 2983 336 3049 vocabulum
370 3006 478 3051 uocem
513 2985 619 3051 statim
653 2992 728 3072 post
760 3008 922 3051 caesuram
956 2986 1144 3051 collocatum
1178 2994 1237 3066 est,

54 3091 158 3156 multo
181 3091 340 3157 efficacius
360 3091 489 3156 effertur
509 3091 587 3157 illud
609 3114 726 3175 uocem,
749 3115 843 3180 quam
862 3094 894 3157 iu
910 3093 1118 3159 collocatione
1133 3092 1237 3158 Inch-

55 3200 233 3264 manniana.

165 3305 301 3371 Duobus
330 3305 410 3372 locis
439 3314 535 3393 poeta
564 3307 609 3372 rei
639 3309 788 3372 metricae
810 3306 934 3394 legibus
957 3316 1085 3373 coactus
1107 3307 1236 3372 insolito

56 3435 146 3478 more
176 3413 283 3499 posuit
311 3414 481 3499 particulas
512 3436 639 3500 quoque
662 3422 695 3479 et
718 3416 817 3480 enim.
865 3415 962 3501 Legis
986 3415 1070 3480 enim
1092 3414 1147 3484 IV
1171 3417 1234 3479 257

56 3527 177 3586 centus
200 3521 290 3586 enr'm
314 3543 441 3607 quoque
459 3523 630 3607 paulatim
653 3544 728 3587 cum
745 3523 893 3587 uerberat
915 3527 946 3586 et
968 3544 1045 3587 cum
1067 3543 1140 3587 acre
1158 3522 1238 3606 fluit

57 3629 170 3713 smpus
195 3681 202 3694 .
230 3655 259 3707 .,·
285 3627 418 3698 V1481
436 3635 531 3714 uryet
553 3631 642 3694 enc'm
664 3651 791 3716 quoque
805 3629 961 3715 sdpm'fem
975 3652 1076 3714 super
1098 3630 1237 3695 aetheris

57 3741 170 3800 aestus
200 3787 207 3801 .
240 3787 247 3801 .
283 3787 289 3800 .
337 3735 532 3802 Huiusmodi
562 3761 592 3823 p.
622 3761 652 3824 p.
683 3759 810 3823 quoque
840 3746 873 3802 ct
902 3739 993 3802 em'm
1022 3737 1238 3803 collocationis

58 3843 236 3929 Draegerr)
258 3866 356 3907 uuum
377 3851 502 3908 tuntum
525 3843 703 3931 exemplum
727 3868 744 3910 c
769 3844 874 3911 Gellio
897 3846 1025 3931 profert.

169 4095 190 4162 ¹)
208 4093 226 4148 l.
246 4111 269 4148 c.
289 4111 315 4164 p.
337 4095 396 4150 183.

172 4183 193 4252 ²)
213 4183 320 4238 Histor.
341 4183 450 4253 Syntux
468 4184 500 4238 II
520 4203 546 4254 p.
567 4187 618 4240 166
637 4185 663 4239 d.
