<?xml version="1.0" encoding="UTF-8"?>
<!DOCTYPE html PUBLIC "-//W3C//DTD XHTML 1.0 Transitional//EN"
    "http://www.w3.org/TR/xhtml1/DTD/xhtml1-transitional.dtd">
<html xmlns="http://www.w3.org/1999/xhtml" xml:lang="en" lang="en">
 <head>
  <title>
</title>
<meta http-equiv="Content-Type" content="text/html;charset=utf-8" />
  <meta name='ocr-system' content='tesseract 3.04.00' />
  <meta name='ocr-capabilities' content='ocr_page ocr_carea ocr_par ocr_line ocrx_word'/>
</head>
<body>
  <div class='ocr_page' id='page_1' title='image "./deconiunctionum00edelgoog_0027.png"; bbox 0 0 2978 4822; ppageno 0'>
   <div class='ocr_carea' id='block_1_1' title="bbox 810 279 853 342">
    <p class='ocr_par' dir='ltr' id='par_1_1' title="bbox 810 279 853 342">
     <span class='ocr_line' id='line_1_1' title="bbox 810 279 853 342; baseline 0 0"><span class='ocrx_word' id='word_1_1' title='bbox 810 279 853 342; x_wconf 83' lang='lat'>24</span> 
     </span>
    </p>
   </div>
   <div class='ocr_carea' id='block_1_2' title="bbox 244 470 1420 662">
    <p class='ocr_par' dir='ltr' id='par_1_2' title="bbox 244 470 1420 662">
     <span class='ocr_line' id='line_1_2' title="bbox 351 470 1420 560; baseline -0.004 -22"><span class='ocrx_word' id='word_1_2' title='bbox 351 473 441 538; x_wconf 80' lang='lat' dir='ltr'>Inter</span> <span class='ocrx_word' id='word_1_3' title='bbox 463 496 498 539; x_wconf 87' lang='lat' dir='ltr'>se</span> <span class='ocrx_word' id='word_1_4' title='bbox 521 473 749 559; x_wconf 73' lang='lat' dir='ltr'>respondentes</span> <span class='ocrx_word' id='word_1_5' title='bbox 767 473 936 560; x_wconf 86' lang='lat' dir='ltr'>particulas</span> <span class='ocrx_word' id='word_1_6' title='bbox 960 478 1021 538; x_wconf 82' lang='lat' dir='ltr'>cut</span> <span class='ocrx_word' id='word_1_7' title='bbox 1043 513 1084 522; x_wconf 97' lang='lat'>—</span> <span class='ocrx_word' id='word_1_8' title='bbox 1109 479 1169 537; x_wconf 82' lang='lat' dir='ltr'>cat</span> <span class='ocrx_word' id='word_1_9' title='bbox 1193 513 1234 521; x_wconf 96' lang='lat'><em>-</em></span> <span class='ocrx_word' id='word_1_10' title='bbox 1257 478 1318 537; x_wconf 85' lang='lat' dir='ltr'>aut</span> <span class='ocrx_word' id='word_1_11' title='bbox 1339 470 1420 557; x_wconf 86' lang='lat' dir='ltr'>legis</span> 
     </span>
     <span class='ocr_line' id='line_1_3' title="bbox 244 579 947 662; baseline 0 -17"><span class='ocrx_word' id='word_1_12' title='bbox 244 581 263 645; x_wconf 93' lang='grc' dir='ltr'><strong>Ι</strong></span> <span class='ocrx_word' id='word_1_13' title='bbox 286 584 367 661; x_wconf 68' lang='grc'><strong>440,</strong></span> <span class='ocrx_word' id='word_1_14' title='bbox 390 580 445 649; x_wconf 91' lang='lat' dir='ltr'>IV</span> <span class='ocrx_word' id='word_1_15' title='bbox 470 583 565 661; x_wconf 81' lang='grc'><strong>1127,</strong></span> <span class='ocrx_word' id='word_1_16' title='bbox 590 583 693 662; x_wconf 81' lang='grc'><strong>1237;</strong></span> <span class='ocrx_word' id='word_1_17' title='bbox 715 579 753 649; x_wconf 86' lang='lat' dir='ltr'>V</span> <span class='ocrx_word' id='word_1_18' title='bbox 776 583 850 662; x_wconf 85' lang='lat'>352,</span> <span class='ocrx_word' id='word_1_19' title='bbox 874 583 947 646; x_wconf 88' lang='lat'><strong>680.</strong></span> 
     </span>
    </p>
   </div>
   <div class='ocr_carea' id='block_1_3' title="bbox 245 703 1422 1005">
    <p class='ocr_par' dir='ltr' id='par_1_3' title="bbox 245 703 1422 1005">
     <span class='ocr_line' id='line_1_4' title="bbox 353 703 1418 793; baseline -0.001 -24"><span class='ocrx_word' id='word_1_20' title='bbox 353 704 484 793; x_wconf 85' lang='lat' dir='ltr'>Triplex</span> <span class='ocrx_word' id='word_1_21' title='bbox 507 711 568 770; x_wconf 82' lang='lat' dir='ltr'>cut</span> <span class='ocrx_word' id='word_1_22' title='bbox 589 705 633 769; x_wconf 89' lang='lat' dir='ltr'>ita</span> <span class='ocrx_word' id='word_1_23' title='bbox 655 713 840 791; x_wconf 86' lang='lat' dir='ltr'>usurpatum</span> <span class='ocrx_word' id='word_1_24' title='bbox 864 712 899 769; x_wconf 91' lang='lat' dir='ltr'>ut</span> <span class='ocrx_word' id='word_1_25' title='bbox 922 703 1142 791; x_wconf 88' lang='lat' dir='ltr'>explicandum</span> <span class='ocrx_word' id='word_1_26' title='bbox 1165 705 1207 769; x_wconf 87' lang='lat' dir='ltr'>sit</span> <span class='ocrx_word' id='word_1_27' title='bbox 1225 704 1355 788; x_wconf 73' lang='lat' dir='ltr'>partam</span> <span class='ocrx_word' id='word_1_28' title='bbox 1378 743 1418 750; x_wconf 81' lang='lat'>—-</span> 
     </span>
     <span class='ocr_line' id='line_1_5' title="bbox 245 812 1422 899; baseline -0.002 -22"><span class='ocrx_word' id='word_1_29' title='bbox 245 813 372 899; x_wconf 76' lang='lat' dir='ltr'>partim</span> <span class='ocrx_word' id='word_1_30' title='bbox 395 851 437 860; x_wconf 92' lang='lat'>-</span> <span class='ocrx_word' id='word_1_31' title='bbox 463 813 592 898; x_wconf 73' lang='lat' dir='ltr'>partim</span> <span class='ocrx_word' id='word_1_32' title='bbox 621 812 786 890; x_wconf 83' lang='lat' dir='ltr'>habesV</span> <span class='ocrx_word' id='word_1_33' title='bbox 816 815 880 877; x_wconf 85' lang='lat'>855</span> <span class='ocrx_word' id='word_1_34' title='bbox 912 818 974 878; x_wconf 82' lang='lat' dir='ltr'>cat</span> <span class='ocrx_word' id='word_1_35' title='bbox 1004 813 1098 876; x_wconf 78' lang='lat' dir='ltr'>dolas</span> <span class='ocrx_word' id='word_1_36' title='bbox 1130 818 1191 876; x_wconf 84' lang='lat' dir='ltr'>aut</span> <span class='ocrx_word' id='word_1_37' title='bbox 1219 812 1326 876; x_wconf 77' lang='lat' dir='ltr'>uirtus</span> <span class='ocrx_word' id='word_1_38' title='bbox 1360 817 1422 875; x_wconf 81' lang='lat' dir='ltr'>cat</span> 
     </span>
     <span class='ocr_line' id='line_1_6' title="bbox 247 921 727 1005; baseline -0.002 -20"><span class='ocrx_word' id='word_1_39' title='bbox 247 921 387 1005; x_wconf 76' lang='lat' dir='ltr'>dentque</span> <span class='ocrx_word' id='word_1_40' title='bbox 409 921 576 985; x_wconf 75' lang='lat' dir='ltr'>mobilitas</span> <span class='ocrx_word' id='word_1_41' title='bbox 601 971 608 985; x_wconf 84' lang='lat'>.</span> <span class='ocrx_word' id='word_1_42' title='bbox 636 972 643 984; x_wconf 94' lang='lat'>.</span> <span class='ocrx_word' id='word_1_43' title='bbox 672 971 678 984; x_wconf 97' lang='lat'>.</span> <span class='ocrx_word' id='word_1_44' title='bbox 718 928 727 945; x_wconf 72' lang='lat'><strong>¹</strong></span> 
     </span>
    </p>
   </div>
   <div class='ocr_carea' id='block_1_4' title="bbox 246 1043 1423 1345">
    <p class='ocr_par' dir='ltr' id='par_1_4' title="bbox 246 1043 1423 1345">
     <span class='ocr_line' id='line_1_7' title="bbox 354 1043 1421 1130; baseline -0.002 -20"><span class='ocrx_word' id='word_1_45' title='bbox 354 1050 382 1130; x_wconf 89' lang='lat' dir='ltr'>e)</span> <span class='ocrx_word' id='word_1_46' title='bbox 405 1045 528 1123; x_wconf 79' lang='lat' dir='ltr'>Quater</span> <span class='ocrx_word' id='word_1_47' title='bbox 549 1050 611 1109; x_wconf 74' lang='lat' dir='ltr'>aaut</span> <span class='ocrx_word' id='word_1_48' title='bbox 631 1045 771 1130; x_wconf 90' lang='lat' dir='ltr'>positum</span> <span class='ocrx_word' id='word_1_49' title='bbox 794 1052 856 1125; x_wconf 88' lang='lat' dir='ltr'>est,</span> <span class='ocrx_word' id='word_1_50' title='bbox 886 1043 943 1109; x_wconf 90' lang='lat' dir='ltr'>sed</span> <span class='ocrx_word' id='word_1_51' title='bbox 972 1045 1017 1108; x_wconf 93' lang='lat' dir='ltr'>ita</span> <span class='ocrx_word' id='word_1_52' title='bbox 1050 1051 1085 1108; x_wconf 86' lang='lat' dir='ltr'>ut</span> <span class='ocrx_word' id='word_1_53' title='bbox 1111 1046 1240 1109; x_wconf 84' lang='lat' dir='ltr'>tertium</span> <span class='ocrx_word' id='word_1_54' title='bbox 1263 1049 1324 1108; x_wconf 82' lang='lat' dir='ltr'>aut</span> <span class='ocrx_word' id='word_1_55' title='bbox 1345 1045 1421 1108; x_wconf 55' lang='lat' dir='ltr'>sula</span> 
     </span>
     <span class='ocr_line' id='line_1_8' title="bbox 246 1150 1423 1231; baseline -0.001 -16"><span class='ocrx_word' id='word_1_56' title='bbox 246 1152 386 1215; x_wconf 92' lang='lat' dir='ltr'>iunctum</span> <span class='ocrx_word' id='word_1_57' title='bbox 410 1151 452 1215; x_wconf 92' lang='lat' dir='ltr'>sit</span> <span class='ocrx_word' id='word_1_58' title='bbox 475 1150 614 1216; x_wconf 88' lang='lat' dir='ltr'>secundo</span> <span class='ocrx_word' id='word_1_59' title='bbox 638 1157 699 1216; x_wconf 80' lang='lat' dir='ltr'>aut</span> <span class='ocrx_word' id='word_1_60' title='bbox 719 1151 775 1219; x_wconf 82' lang='lat' dir='ltr'>VI</span> <span class='ocrx_word' id='word_1_61' title='bbox 799 1154 894 1216; x_wconf 78' lang='grc'><strong>1124.</strong></span> <span class='ocrx_word' id='word_1_62' title='bbox 939 1151 1052 1216; x_wconf 85' lang='lat' dir='ltr'>Altero</span> <span class='ocrx_word' id='word_1_63' title='bbox 1075 1151 1154 1231; x_wconf 82' lang='lat' dir='ltr'>loca,</span> <span class='ocrx_word' id='word_1_64' title='bbox 1184 1150 1337 1230; x_wconf 56' lang='lat' dir='ltr'>IV‘932,</span> <span class='ocrx_word' id='word_1_65' title='bbox 1362 1157 1423 1215; x_wconf 85' lang='lat' dir='ltr'>aut</span> 
     </span>
     <span class='ocr_line' id='line_1_9' title="bbox 248 1256 1421 1345; baseline -0.001 -23"><span class='ocrx_word' id='word_1_66' title='bbox 248 1266 359 1345; x_wconf 88' lang='lat' dir='ltr'>quater</span> <span class='ocrx_word' id='word_1_67' title='bbox 381 1258 520 1345; x_wconf 90' lang='lat' dir='ltr'>positum</span> <span class='ocrx_word' id='word_1_68' title='bbox 536 1281 634 1344; x_wconf 89' lang='lat' dir='ltr'>aeque</span> <span class='ocrx_word' id='word_1_69' title='bbox 650 1256 896 1343; x_wconf 87' lang='lat' dir='ltr'>intellegendum</span> <span class='ocrx_word' id='word_1_70' title='bbox 912 1267 961 1323; x_wconf 89' lang='lat' dir='ltr'>est</span> <span class='ocrx_word' id='word_1_71' title='bbox 983 1281 1020 1324; x_wconf 91' lang='lat' dir='ltr'>ac</span> <span class='ocrx_word' id='word_1_72' title='bbox 1036 1258 1151 1344; x_wconf 78' lang='lat' dir='ltr'>triplex</span> <span class='ocrx_word' id='word_1_73' title='bbox 1167 1265 1228 1323; x_wconf 82' lang='lat' dir='ltr'>cat</span> <span class='ocrx_word' id='word_1_74' title='bbox 1244 1258 1276 1321; x_wconf 90' lang='lat' dir='ltr'>in</span> <span class='ocrx_word' id='word_1_75' title='bbox 1292 1257 1330 1326; x_wconf 86' lang='lat' dir='ltr'>V</span> <span class='ocrx_word' id='word_1_76' title='bbox 1346 1261 1421 1322; x_wconf 87' lang='lat'>855.</span> 
     </span>
    </p>
   </div>
   <div class='ocr_carea' id='block_1_5' title="bbox 248 1381 1422 1578">
    <p class='ocr_par' dir='ltr' id='par_1_5' title="bbox 248 1381 1422 1578">
     <span class='ocr_line' id='line_1_10' title="bbox 353 1381 1422 1470; baseline 0.001 -24"><span class='ocrx_word' id='word_1_77' title='bbox 353 1383 473 1467; x_wconf 67' lang='lat' dir='ltr'>pact</span> <span class='ocrx_word' id='word_1_78' title='bbox 495 1423 536 1430; x_wconf 94' lang='lat'><strong>—</strong></span> <span class='ocrx_word' id='word_1_79' title='bbox 567 1405 604 1448; x_wconf 85' lang='lat' dir='ltr'>oe</span> <span class='ocrx_word' id='word_1_80' title='bbox 633 1383 682 1448; x_wconf 90' lang='lat' dir='ltr'>bis</span> <span class='ocrx_word' id='word_1_81' title='bbox 712 1382 796 1470; x_wconf 92' lang='lat' dir='ltr'>apud</span> <span class='ocrx_word' id='word_1_82' title='bbox 825 1382 1008 1448; x_wconf 78' lang='lat' dir='ltr'>Lucretium</span> <span class='ocrx_word' id='word_1_83' title='bbox 1040 1383 1156 1468; x_wconf 83' lang='lat' dir='ltr'>legitur</span> <span class='ocrx_word' id='word_1_84' title='bbox 1183 1381 1240 1446; x_wconf 89' lang='lat' dir='ltr'>III</span> <span class='ocrx_word' id='word_1_85' title='bbox 1270 1385 1335 1448; x_wconf 86' lang='grc'>614</span> <span class='ocrx_word' id='word_1_86' title='bbox 1373 1385 1422 1469; x_wconf 82' lang='lat' dir='ltr'>(a&#39;a</span> 
     </span>
     <span class='ocr_line' id='line_1_11' title="bbox 248 1491 938 1578; baseline -0.003 -21"><span class='ocrx_word' id='word_1_87' title='bbox 248 1492 353 1578; x_wconf 78' lang='lat' dir='ltr'>eapite</span> <span class='ocrx_word' id='word_1_88' title='bbox 376 1496 437 1555; x_wconf 72' lang='lat' dir='ltr'>aaut</span> <span class='ocrx_word' id='word_1_89' title='bbox 457 1491 595 1575; x_wconf 77' lang='lat' dir='ltr'>pedibas</span> <span class='ocrx_word' id='word_1_90' title='bbox 618 1491 824 1577; x_wconf 73' lang='lat' dir='ltr'>manibusve)</span> <span class='ocrx_word' id='word_1_91' title='bbox 830 1541 839 1573; x_wconf 94' lang='lat'>,</span> <span class='ocrx_word' id='word_1_92' title='bbox 864 1493 938 1555; x_wconf 86' lang='grc'><strong>889.</strong></span> 
     </span>
    </p>
   </div>
   <div class='ocr_carea' id='block_1_6' title="bbox 248 1613 1422 1788">
    <p class='ocr_par' dir='ltr' id='par_1_6' title="bbox 248 1613 1422 1788">
     <span class='ocr_line' id='line_1_12' title="bbox 354 1613 1422 1702; baseline 0 -22"><span class='ocrx_word' id='word_1_93' title='bbox 354 1615 430 1681; x_wconf 89' lang='lat' dir='ltr'>Uno</span> <span class='ocrx_word' id='word_1_94' title='bbox 453 1615 537 1695; x_wconf 88' lang='lat' dir='ltr'>loeo,</span> <span class='ocrx_word' id='word_1_95' title='bbox 566 1613 622 1678; x_wconf 94' lang='grc' dir='ltr'>ΙΠ</span> <span class='ocrx_word' id='word_1_96' title='bbox 647 1617 726 1695; x_wconf 83' lang='grc'><strong>549,</strong></span> <span class='ocrx_word' id='word_1_97' title='bbox 756 1614 884 1679; x_wconf 88' lang='lat' dir='ltr'>Lachm.</span> <span class='ocrx_word' id='word_1_98' title='bbox 907 1615 1087 1680; x_wconf 87' lang='lat' dir='ltr'>coniectura</span> <span class='ocrx_word' id='word_1_99' title='bbox 1116 1639 1147 1702; x_wconf 91' lang='lat' dir='ltr'>p.</span> <span class='ocrx_word' id='word_1_100' title='bbox 1170 1621 1231 1680; x_wconf 81' lang='lat' dir='ltr'>aut</span> <span class='ocrx_word' id='word_1_101' title='bbox 1251 1615 1284 1679; x_wconf 94' lang='lat' dir='ltr'>in</span> <span class='ocrx_word' id='word_1_102' title='bbox 1307 1623 1422 1702; x_wconf 88' lang='lat' dir='ltr'>poetae</span> 
     </span>
     <span class='ocr_line' id='line_1_13' title="bbox 248 1721 1156 1788; baseline 0 -1"><span class='ocrx_word' id='word_1_103' title='bbox 248 1721 346 1788; x_wconf 89' lang='lat' dir='ltr'>verba</span> <span class='ocrx_word' id='word_1_104' title='bbox 367 1721 482 1787; x_wconf 91' lang='lat' dir='ltr'>intulit.</span> <span class='ocrx_word' id='word_1_105' title='bbox 526 1721 567 1786; x_wconf 92' lang='lat' dir='ltr'>In</span> <span class='ocrx_word' id='word_1_106' title='bbox 589 1721 682 1787; x_wconf 89' lang='lat' dir='ltr'>codd.</span> <span class='ocrx_word' id='word_1_107' title='bbox 706 1722 788 1786; x_wconf 89' lang='lat' dir='ltr'>enim</span> <span class='ocrx_word' id='word_1_108' title='bbox 811 1721 862 1786; x_wconf 87' lang='lat' dir='ltr'>hio</span> <span class='ocrx_word' id='word_1_109' title='bbox 886 1745 916 1788; x_wconf 95' lang='lat' dir='ltr'>v.</span> <span class='ocrx_word' id='word_1_110' title='bbox 940 1724 985 1786; x_wconf 88' lang='lat' dir='ltr'>sic</span> <span class='ocrx_word' id='word_1_111' title='bbox 1007 1721 1156 1787; x_wconf 79' lang='lat' dir='ltr'>traditur:</span> 
     </span>
    </p>
   </div>
   <div class='ocr_carea' id='block_1_7' title="bbox 387 1848 1280 1932">
    <p class='ocr_par' dir='ltr' id='par_1_7' title="bbox 387 1848 1280 1932">
     <span class='ocr_line' id='line_1_14' title="bbox 387 1848 1280 1932; baseline 0 -20"><span class='ocrx_word' id='word_1_112' title='bbox 387 1853 418 1912; x_wconf 85' lang='lat' dir='ltr'>et</span> <span class='ocrx_word' id='word_1_113' title='bbox 439 1848 541 1912; x_wconf 74' lang='lat' dir='ltr'>velata</span> <span class='ocrx_word' id='word_1_114' title='bbox 563 1868 686 1912; x_wconf 73' lang='lat' dir='ltr'>marcus</span> <span class='ocrx_word' id='word_1_115' title='bbox 709 1853 806 1932; x_wconf 77' lang='lat' dir='ltr'>atque</span> <span class='ocrx_word' id='word_1_116' title='bbox 829 1850 942 1913; x_wconf 77' lang='lat' dir='ltr'>oculas</span> <span class='ocrx_word' id='word_1_117' title='bbox 965 1869 1101 1913; x_wconf 76' lang='lat' dir='ltr'>naresve</span> <span class='ocrx_word' id='word_1_118' title='bbox 1123 1868 1280 1912; x_wconf 75' lang='lat' dir='ltr'>seorsum.</span> 
     </span>
    </p>
   </div>
   <div class='ocr_carea' id='block_1_8' title="bbox 354 1957 1423 2059">
    <p class='ocr_par' dir='ltr' id='par_1_8' title="bbox 354 1957 1423 2059">
     <span class='ocr_line' id='line_1_15' title="bbox 354 1957 1423 2059; baseline 0 -23"><span class='ocrx_word' id='word_1_119' title='bbox 354 1971 482 2036; x_wconf 86' lang='lat' dir='ltr'>Lachm.</span> <span class='ocrx_word' id='word_1_120' title='bbox 505 1971 601 2056; x_wconf 84' lang='lat' dir='ltr'>igitur</span> <span class='ocrx_word' id='word_1_121' title='bbox 620 1957 680 2058; x_wconf 44' lang='lat' dir='ltr'>&#39;pro</span> <span class='ocrx_word' id='word_1_122' title='bbox 703 1978 801 2057; x_wconf 83' lang='lat' dir='ltr'>utque</span> <span class='ocrx_word' id='word_1_123' title='bbox 824 1972 958 2037; x_wconf 88' lang='lat' dir='ltr'>coniecit</span> <span class='ocrx_word' id='word_1_124' title='bbox 980 1978 1053 2055; x_wconf 82' lang='lat' dir='ltr'>cat,</span> <span class='ocrx_word' id='word_1_125' title='bbox 1082 1974 1170 2036; x_wconf 85' lang='lat' dir='ltr'>nisus</span> <span class='ocrx_word' id='word_1_126' title='bbox 1197 1971 1253 2036; x_wconf 90' lang='lat' dir='ltr'>HI</span> <span class='ocrx_word' id='word_1_127' title='bbox 1278 1974 1343 2036; x_wconf 85' lang='lat'>614</span> <span class='ocrx_word' id='word_1_128' title='bbox 1373 1974 1423 2059; x_wconf 84' lang='lat' dir='ltr'>(a&#39;a</span> 
     </span>
    </p>
   </div>
   <div class='ocr_carea' id='block_1_9' title="bbox 248 2079 1425 3768">
    <p class='ocr_par' dir='ltr' id='par_1_9' title="bbox 248 2079 1425 3768">
     <span class='ocr_line' id='line_1_16' title="bbox 249 2079 1424 2165; baseline -0.003 -20"><span class='ocrx_word' id='word_1_129' title='bbox 249 2080 354 2164; x_wconf 77' lang='lat' dir='ltr'>capite</span> <span class='ocrx_word' id='word_1_130' title='bbox 386 2084 447 2144; x_wconf 82' lang='lat' dir='ltr'>cat</span> <span class='ocrx_word' id='word_1_131' title='bbox 473 2080 614 2164; x_wconf 75' lang='lat' dir='ltr'>pedibas</span> <span class='ocrx_word' id='word_1_132' title='bbox 643 2080 865 2164; x_wconf 75' lang='lat' dir='ltr'>manibusve).</span> <span class='ocrx_word' id='word_1_133' title='bbox 917 2079 1112 2143; x_wconf 77' lang='lat' dir='ltr'>Lachmanni</span> <span class='ocrx_word' id='word_1_134' title='bbox 1141 2081 1274 2143; x_wconf 90' lang='lat' dir='ltr'>mutatio</span> <span class='ocrx_word' id='word_1_135' title='bbox 1304 2079 1424 2165; x_wconf 83' lang='lat' dir='ltr'>placuit</span> 
     </span>
     <span class='ocr_line' id='line_1_17' title="bbox 248 2185 1424 2272; baseline -0.001 -21"><span class='ocrx_word' id='word_1_136' title='bbox 248 2186 432 2272; x_wconf 79' lang='lat' dir='ltr'>Bernaysio.</span> <span class='ocrx_word' id='word_1_137' title='bbox 477 2185 595 2250; x_wconf 92' lang='lat' dir='ltr'>Munro</span> <span class='ocrx_word' id='word_1_138' title='bbox 626 2209 702 2252; x_wconf 90' lang='lat' dir='ltr'>vero</span> <span class='ocrx_word' id='word_1_139' title='bbox 733 2194 765 2250; x_wconf 88' lang='lat' dir='ltr'>et</span> <span class='ocrx_word' id='word_1_140' title='bbox 794 2186 926 2270; x_wconf 87' lang='lat' dir='ltr'>Brieger</span> <span class='ocrx_word' id='word_1_141' title='bbox 955 2185 1046 2250; x_wconf 83' lang='lat' dir='ltr'><strong>codd.</strong></span> <span class='ocrx_word' id='word_1_142' title='bbox 1076 2186 1263 2272; x_wconf 83' lang='lat' dir='ltr'>scripturam</span> <span class='ocrx_word' id='word_1_143' title='bbox 1293 2195 1424 2252; x_wconf 89' lang='lat' dir='ltr'>servant</span> 
     </span>
     <span class='ocr_line' id='line_1_18' title="bbox 249 2292 1423 2379; baseline 0 -21"><span class='ocrx_word' id='word_1_144' title='bbox 249 2292 336 2379; x_wconf 92' lang='lat' dir='ltr'>quod</span> <span class='ocrx_word' id='word_1_145' title='bbox 362 2293 399 2363; x_wconf 85' lang='lat' dir='ltr'>V</span> <span class='ocrx_word' id='word_1_146' title='bbox 424 2295 487 2358; x_wconf 88' lang='grc'>962</span> <span class='ocrx_word' id='word_1_147' title='bbox 517 2293 660 2358; x_wconf 87' lang='lat' dir='ltr'>similiter</span> <span class='ocrx_word' id='word_1_148' title='bbox 689 2293 811 2379; x_wconf 88' lang='lat' dir='ltr'>legatur</span> <span class='ocrx_word' id='word_1_149' title='bbox 842 2295 977 2376; x_wconf 71' lang='lat' dir='ltr'>plaudes</span> <span class='ocrx_word' id='word_1_150' title='bbox 1009 2299 1106 2378; x_wconf 81' lang='lat' dir='ltr'>utque</span> <span class='ocrx_word' id='word_1_151' title='bbox 1135 2294 1245 2358; x_wconf 72' lang='lat' dir='ltr'>arbita</span> <span class='ocrx_word' id='word_1_152' title='bbox 1273 2295 1325 2358; x_wconf 83' lang='lat' dir='ltr'>ael</span> <span class='ocrx_word' id='word_1_153' title='bbox 1341 2295 1423 2379; x_wconf 74' lang='lat' dir='ltr'>piru</span> 
     </span>
     <span class='ocr_line' id='line_1_19' title="bbox 250 2399 1423 2486; baseline -0.002 -20"><span class='ocrx_word' id='word_1_154' title='bbox 250 2404 339 2466; x_wconf 82' lang='lat' dir='ltr'>lectu.</span> <span class='ocrx_word' id='word_1_155' title='bbox 387 2400 500 2485; x_wconf 86' lang='lat' dir='ltr'>Neque</span> <span class='ocrx_word' id='word_1_156' title='bbox 530 2399 660 2463; x_wconf 91' lang='lat' dir='ltr'>dubium</span> <span class='ocrx_word' id='word_1_157' title='bbox 691 2421 760 2464; x_wconf 87' lang='lat' dir='ltr'>esse</span> <span class='ocrx_word' id='word_1_158' title='bbox 790 2407 897 2485; x_wconf 88' lang='lat' dir='ltr'>potest</span> <span class='ocrx_word' id='word_1_159' title='bbox 927 2400 1003 2485; x_wconf 93' lang='lat' dir='ltr'>quin</span> <span class='ocrx_word' id='word_1_160' title='bbox 1026 2399 1182 2465; x_wconf 86' lang='lat' dir='ltr'>servanda</span> <span class='ocrx_word' id='word_1_161' title='bbox 1205 2399 1248 2464; x_wconf 82' lang='lat' dir='ltr'>sit</span> <span class='ocrx_word' id='word_1_162' title='bbox 1270 2401 1423 2486; x_wconf 85' lang='lat' dir='ltr'>particula</span> 
     </span>
     <span class='ocr_line' id='line_1_20' title="bbox 250 2505 1425 2593; baseline 0 -21"><span class='ocrx_word' id='word_1_163' title='bbox 250 2506 433 2593; x_wconf 80' lang='lat' dir='ltr'>copulativa</span> <span class='ocrx_word' id='word_1_164' title='bbox 454 2512 561 2591; x_wconf 79' lang='lat' dir='ltr'>atque.</span> <span class='ocrx_word' id='word_1_165' title='bbox 601 2505 650 2571; x_wconf 87' lang='lat' dir='ltr'>Ut</span> <span class='ocrx_word' id='word_1_166' title='bbox 673 2506 756 2570; x_wconf 91' lang='lat' dir='ltr'>enim</span> <span class='ocrx_word' id='word_1_167' title='bbox 779 2505 872 2592; x_wconf 90' lang='lat' dir='ltr'>paulo</span> <span class='ocrx_word' id='word_1_168' title='bbox 896 2529 992 2593; x_wconf 88' lang='lat' dir='ltr'>supra</span> <span class='ocrx_word' id='word_1_169' title='bbox 1013 2507 1045 2571; x_wconf 93' lang='lat' dir='ltr'>in</span> <span class='ocrx_word' id='word_1_170' title='bbox 1070 2529 1100 2572; x_wconf 95' lang='lat' dir='ltr'>v.</span> <span class='ocrx_word' id='word_1_171' title='bbox 1118 2510 1180 2571; x_wconf 84' lang='grc'>547</span> <span class='ocrx_word' id='word_1_172' title='bbox 1198 2507 1313 2592; x_wconf 89' lang='lat' dir='ltr'>legitur</span> <span class='ocrx_word' id='word_1_173' title='bbox 1334 2509 1425 2572; x_wconf 79' lang='lat' dir='ltr'>celat</span> 
     </span>
     <span class='ocr_line' id='line_1_21' title="bbox 250 2613 1423 2700; baseline 0 -22"><span class='ocrx_word' id='word_1_174' title='bbox 250 2636 347 2679; x_wconf 79' lang='lat' dir='ltr'>aures</span> <span class='ocrx_word' id='word_1_175' title='bbox 370 2619 468 2699; x_wconf 81' lang='lat' dir='ltr'>utque</span> <span class='ocrx_word' id='word_1_176' title='bbox 490 2614 577 2678; x_wconf 78' lang='lat' dir='ltr'>oculi</span> <span class='ocrx_word' id='word_1_177' title='bbox 598 2619 687 2696; x_wconf 80' lang='lat' dir='ltr'>sant,</span> <span class='ocrx_word' id='word_1_178' title='bbox 712 2613 757 2678; x_wconf 87' lang='lat' dir='ltr'>sio</span> <span class='ocrx_word' id='word_1_179' title='bbox 780 2613 840 2677; x_wconf 92' lang='lat' dir='ltr'>hoc</span> <span class='ocrx_word' id='word_1_180' title='bbox 863 2636 988 2699; x_wconf 86' lang='lat' dir='ltr'>quoque</span> <span class='ocrx_word' id='word_1_181' title='bbox 1003 2613 1074 2678; x_wconf 93' lang='lat' dir='ltr'>loco</span> <span class='ocrx_word' id='word_1_182' title='bbox 1089 2639 1120 2700; x_wconf 90' lang='lat' dir='ltr'>p.</span> <span class='ocrx_word' id='word_1_183' title='bbox 1141 2614 1323 2700; x_wconf 86' lang='lat' dir='ltr'>copulativa</span> <span class='ocrx_word' id='word_1_184' title='bbox 1346 2637 1423 2678; x_wconf 92' lang='lat' dir='ltr'>usus</span> 
     </span>
     <span class='ocr_line' id='line_1_22' title="bbox 250 2719 1424 2807; baseline 0 -21"><span class='ocrx_word' id='word_1_185' title='bbox 250 2730 300 2786; x_wconf 89' lang='lat' dir='ltr'>est</span> <span class='ocrx_word' id='word_1_186' title='bbox 321 2728 417 2807; x_wconf 89' lang='lat' dir='ltr'>poeta</span> <span class='ocrx_word' id='word_1_187' title='bbox 439 2719 524 2805; x_wconf 94' lang='lat' dir='ltr'>quod</span> <span class='ocrx_word' id='word_1_188' title='bbox 548 2719 653 2785; x_wconf 89' lang='lat' dir='ltr'>dicere</span> <span class='ocrx_word' id='word_1_189' title='bbox 682 2721 811 2786; x_wconf 89' lang='lat' dir='ltr'>volebat</span> <span class='ocrx_word' id='word_1_190' title='bbox 840 2727 871 2785; x_wconf 84' lang='lat' dir='ltr'>et</span> <span class='ocrx_word' id='word_1_191' title='bbox 898 2742 1039 2786; x_wconf 80' lang='lat' dir='ltr'>manum</span> <span class='ocrx_word' id='word_1_192' title='bbox 1063 2727 1094 2786; x_wconf 85' lang='lat' dir='ltr'>et</span> <span class='ocrx_word' id='word_1_193' title='bbox 1115 2722 1249 2786; x_wconf 79' lang='lat' dir='ltr'>oculum</span> <span class='ocrx_word' id='word_1_194' title='bbox 1273 2727 1303 2785; x_wconf 85' lang='lat' dir='ltr'>et</span> <span class='ocrx_word' id='word_1_195' title='bbox 1325 2743 1424 2786; x_wconf 79' lang='lat' dir='ltr'>aures</span> 
     </span>
     <span class='ocr_line' id='line_1_23' title="bbox 250 2827 1424 2914; baseline -0.001 -21"><span class='ocrx_word' id='word_1_196' title='bbox 250 2849 391 2893; x_wconf 89' lang='lat' dir='ltr'>seorsum</span> <span class='ocrx_word' id='word_1_197' title='bbox 415 2836 535 2892; x_wconf 89' lang='lat' dir='ltr'>secreta</span> <span class='ocrx_word' id='word_1_198' title='bbox 557 2850 576 2892; x_wconf 92' lang='lat' dir='ltr'>a</span> <span class='ocrx_word' id='word_1_199' title='bbox 598 2827 690 2892; x_wconf 88' lang='lat' dir='ltr'>nobis</span> <span class='ocrx_word' id='word_1_200' title='bbox 714 2830 798 2892; x_wconf 93' lang='lat' dir='ltr'>omni</span> <span class='ocrx_word' id='word_1_201' title='bbox 822 2850 917 2903; x_wconf 86' lang='lat' dir='ltr'>seusu</span> <span class='ocrx_word' id='word_1_202' title='bbox 939 2850 1053 2893; x_wconf 90' lang='lat' dir='ltr'>carere.</span> <span class='ocrx_word' id='word_1_203' title='bbox 1086 2828 1195 2913; x_wconf 86' lang='lat' dir='ltr'>Atque</span> <span class='ocrx_word' id='word_1_204' title='bbox 1210 2828 1279 2892; x_wconf 90' lang='lat' dir='ltr'>loco</span> <span class='ocrx_word' id='word_1_205' title='bbox 1295 2827 1424 2914; x_wconf 88' lang='lat' dir='ltr'>quidem</span> 
     </span>
     <span class='ocr_line' id='line_1_24' title="bbox 249 2933 1423 3020; baseline 0 -21"><span class='ocrx_word' id='word_1_206' title='bbox 249 2935 408 3014; x_wconf 75' lang='grc'><strong>111614,</strong></span> <span class='ocrx_word' id='word_1_207' title='bbox 437 2956 499 3020; x_wconf 94' lang='lat' dir='ltr'>quo</span> <span class='ocrx_word' id='word_1_208' title='bbox 522 2933 652 2999; x_wconf 90' lang='lat' dir='ltr'>Lachm.</span> <span class='ocrx_word' id='word_1_209' title='bbox 675 2935 886 2998; x_wconf 89' lang='lat' dir='ltr'>coniecturam</span> <span class='ocrx_word' id='word_1_210' title='bbox 914 2957 1001 2999; x_wconf 93' lang='lat' dir='ltr'>suam</span> <span class='ocrx_word' id='word_1_211' title='bbox 1026 2933 1195 2999; x_wconf 88' lang='lat' dir='ltr'>defendere</span> <span class='ocrx_word' id='word_1_212' title='bbox 1219 2933 1339 3016; x_wconf 89' lang='lat' dir='ltr'>studet,</span> <span class='ocrx_word' id='word_1_213' title='bbox 1373 2958 1423 2999; x_wconf 87' lang='lat' dir='ltr'>res</span> 
     </span>
     <span class='ocr_line' id='line_1_25' title="bbox 249 3040 1424 3127; baseline 0.001 -23"><span class='ocrx_word' id='word_1_214' title='bbox 249 3043 342 3127; x_wconf 86' lang='lat' dir='ltr'>longe</span> <span class='ocrx_word' id='word_1_215' title='bbox 372 3040 433 3105; x_wconf 92' lang='lat' dir='ltr'>alia</span> <span class='ocrx_word' id='word_1_216' title='bbox 464 3047 521 3106; x_wconf 85' lang='lat' dir='ltr'>est</span> <span class='ocrx_word' id='word_1_217' title='bbox 566 3040 618 3105; x_wconf 84' lang='lat' dir='ltr'>Ibi</span> <span class='ocrx_word' id='word_1_218' title='bbox 648 3041 730 3105; x_wconf 92' lang='lat' dir='ltr'>enim</span> <span class='ocrx_word' id='word_1_219' title='bbox 760 3064 791 3127; x_wconf 90' lang='lat' dir='ltr'>p.</span> <span class='ocrx_word' id='word_1_220' title='bbox 821 3040 1012 3106; x_wconf 85' lang='lat' dir='ltr'>disiunctiva</span> <span class='ocrx_word' id='word_1_221' title='bbox 1041 3042 1218 3106; x_wconf 82' lang='lat' dir='ltr'>necessario</span> <span class='ocrx_word' id='word_1_222' title='bbox 1245 3042 1424 3126; x_wconf 86' lang='lat' dir='ltr'>requiritur,</span> 
     </span>
     <span class='ocr_line' id='line_1_26' title="bbox 251 3143 1424 3234; baseline 0.001 -22"><span class='ocrx_word' id='word_1_223' title='bbox 251 3149 398 3234; x_wconf 90' lang='lat' dir='ltr'>quoniam</span> <span class='ocrx_word' id='word_1_224' title='bbox 416 3143 528 3212; x_wconf 66' lang='lat' dir='ltr'>“animi</span> <span class='ocrx_word' id='word_1_225' title='bbox 567 3170 656 3212; x_wconf 92' lang='lat' dir='ltr'>mens</span> <span class='ocrx_word' id='word_1_226' title='bbox 695 3147 921 3234; x_wconf 89' lang='lat' dir='ltr'>consiliumque</span> <span class='ocrx_word' id='word_1_227' title='bbox 960 3150 994 3211; x_wconf 90' lang='lat' dir='ltr'>in</span> <span class='ocrx_word' id='word_1_228' title='bbox 1027 3171 1090 3212; x_wconf 94' lang='lat' dir='ltr'>uno</span> <span class='ocrx_word' id='word_1_229' title='bbox 1124 3156 1247 3212; x_wconf 87' lang='lat' dir='ltr'>tantum</span> <span class='ocrx_word' id='word_1_230' title='bbox 1281 3150 1424 3234; x_wconf 88' lang='lat' dir='ltr'>corporis</span> 
     </span>
     <span class='ocr_line' id='line_1_27' title="bbox 250 3253 1424 3342; baseline 0.002 -24"><span class='ocrx_word' id='word_1_231' title='bbox 250 3254 391 3320; x_wconf 87' lang='lat' dir='ltr'>membro</span> <span class='ocrx_word' id='word_1_232' title='bbox 418 3255 438 3320; x_wconf 94' lang='lat' dir='ltr'>i.</span> <span class='ocrx_word' id='word_1_233' title='bbox 469 3277 494 3320; x_wconf 89' lang='lat' dir='ltr'>e.</span> <span class='ocrx_word' id='word_1_234' title='bbox 527 3261 582 3319; x_wconf 91' lang='lat' dir='ltr'>aut</span> <span class='ocrx_word' id='word_1_235' title='bbox 612 3255 643 3319; x_wconf 91' lang='lat' dir='ltr'>in</span> <span class='ocrx_word' id='word_1_236' title='bbox 677 3255 779 3342; x_wconf 87' lang='lat' dir='ltr'>eapite</span> <span class='ocrx_word' id='word_1_237' title='bbox 812 3262 867 3319; x_wconf 93' lang='lat' dir='ltr'>aut</span> <span class='ocrx_word' id='word_1_238' title='bbox 898 3255 931 3318; x_wconf 94' lang='lat' dir='ltr'>in</span> <span class='ocrx_word' id='word_1_239' title='bbox 963 3253 1097 3340; x_wconf 91' lang='lat' dir='ltr'>pedibus</span> <span class='ocrx_word' id='word_1_240' title='bbox 1128 3263 1183 3319; x_wconf 88' lang='lat' dir='ltr'>aut</span> <span class='ocrx_word' id='word_1_241' title='bbox 1213 3255 1245 3318; x_wconf 93' lang='lat' dir='ltr'>in</span> <span class='ocrx_word' id='word_1_242' title='bbox 1278 3255 1424 3320; x_wconf 89' lang='lat' dir='ltr'>manibus</span> 
     </span>
     <span class='ocr_line' id='line_1_28' title="bbox 250 3362 1424 3448; baseline 0.001 -22"><span class='ocrx_word' id='word_1_243' title='bbox 250 3363 440 3448; x_wconf 85' lang='lat' dir='ltr'>gigneretur,</span> <span class='ocrx_word' id='word_1_244' title='bbox 463 3362 490 3426; x_wconf 94' lang='lat' dir='ltr'>si</span> <span class='ocrx_word' id='word_1_245' title='bbox 513 3362 607 3426; x_wconf 91' lang='lat' dir='ltr'>modo</span> <span class='ocrx_word' id='word_1_246' title='bbox 630 3365 663 3426; x_wconf 94' lang='lat' dir='ltr'>in</span> <span class='ocrx_word' id='word_1_247' title='bbox 687 3363 750 3426; x_wconf 89' lang='lat' dir='ltr'>ulla</span> <span class='ocrx_word' id='word_1_248' title='bbox 770 3363 880 3426; x_wconf 91' lang='lat' dir='ltr'>harum</span> <span class='ocrx_word' id='word_1_249' title='bbox 896 3365 1036 3447; x_wconf 88' lang='lat' dir='ltr'>corporis</span> <span class='ocrx_word' id='word_1_250' title='bbox 1052 3364 1187 3448; x_wconf 89' lang='lat' dir='ltr'>partium</span> <span class='ocrx_word' id='word_1_251' title='bbox 1202 3362 1289 3447; x_wconf 85' lang='lat' dir='ltr'>gigni</span> <span class='ocrx_word' id='word_1_252' title='bbox 1305 3371 1424 3448; x_wconf 89' lang='lat' dir='ltr'>posset.</span> 
     </span>
     <span class='ocr_line' id='line_1_29' title="bbox 250 3468 1422 3555; baseline -0.001 -22"><span class='ocrx_word' id='word_1_253' title='bbox 250 3468 348 3548; x_wconf 79' lang='lat' dir='ltr'>Quod</span> <span class='ocrx_word' id='word_1_254' title='bbox 371 3492 447 3534; x_wconf 88' lang='lat' dir='ltr'>vero</span> <span class='ocrx_word' id='word_1_255' title='bbox 470 3469 752 3535; x_wconf 87' lang='lat' dir='ltr'>Winokelmannus</span> <span class='ocrx_word' id='word_1_256' title='bbox 765 3474 785 3554; x_wconf 85' lang='lat'>¹)</span> <span class='ocrx_word' id='word_1_257' title='bbox 808 3471 841 3533; x_wconf 92' lang='lat' dir='ltr'>in</span> <span class='ocrx_word' id='word_1_258' title='bbox 869 3468 981 3533; x_wconf 89' lang='lat' dir='ltr'>eodem</span> <span class='ocrx_word' id='word_1_259' title='bbox 1005 3491 1098 3533; x_wconf 85' lang='lat' dir='ltr'>versu</span> <span class='ocrx_word' id='word_1_260' title='bbox 1121 3491 1179 3555; x_wconf 92' lang='lat' dir='ltr'>pro</span> <span class='ocrx_word' id='word_1_261' title='bbox 1202 3491 1337 3534; x_wconf 76' lang='lat' dir='ltr'>naresve</span> <span class='ocrx_word' id='word_1_262' title='bbox 1360 3469 1422 3554; x_wconf 90' lang='lat' dir='ltr'>legi</span> 
     </span>
     <span class='ocr_line' id='line_1_30' title="bbox 252 3575 1425 3662; baseline -0.002 -21"><span class='ocrx_word' id='word_1_263' title='bbox 252 3577 320 3641; x_wconf 89' lang='lat' dir='ltr'>vult</span> <span class='ocrx_word' id='word_1_264' title='bbox 342 3597 512 3661; x_wconf 79' lang='lat' dir='ltr'>naresque,</span> <span class='ocrx_word' id='word_1_265' title='bbox 535 3599 645 3662; x_wconf 88' lang='lat' dir='ltr'>parum</span> <span class='ocrx_word' id='word_1_266' title='bbox 669 3576 799 3640; x_wconf 88' lang='lat' dir='ltr'>rationis</span> <span class='ocrx_word' id='word_1_267' title='bbox 822 3575 932 3640; x_wconf 89' lang='lat' dir='ltr'>habuit</span> <span class='ocrx_word' id='word_1_268' title='bbox 954 3575 1078 3640; x_wconf 90' lang='lat' dir='ltr'>illorum</span> <span class='ocrx_word' id='word_1_269' title='bbox 1101 3576 1250 3656; x_wconf 88' lang='lat' dir='ltr'>locorum,</span> <span class='ocrx_word' id='word_1_270' title='bbox 1279 3575 1334 3639; x_wconf 94' lang='lat' dir='ltr'>ubi</span> <span class='ocrx_word' id='word_1_271' title='bbox 1357 3576 1425 3640; x_wconf 91' lang='lat' dir='ltr'>Lu·</span> 
     </span>
     <span class='ocr_line' id='line_1_31' title="bbox 251 3673 1164 3768; baseline 0 -22"><span class='ocrx_word' id='word_1_272' title='bbox 251 3683 365 3747; x_wconf 89' lang='lat' dir='ltr'>cretius</span> <span class='ocrx_word' id='word_1_273' title='bbox 389 3705 447 3768; x_wconf 92' lang='lat' dir='ltr'>pro</span> <span class='ocrx_word' id='word_1_274' title='bbox 470 3682 624 3768; x_wconf 88' lang='lat' dir='ltr'>particula</span> <span class='ocrx_word' id='word_1_275' title='bbox 647 3682 827 3768; x_wconf 89' lang='lat' dir='ltr'>copulativa</span> <span class='ocrx_word' id='word_1_276' title='bbox 849 3673 1015 3768; x_wconf 86' lang='lat' dir='ltr'>usurpavit</span> <span class='ocrx_word' id='word_1_277' title='bbox 1036 3706 1067 3768; x_wconf 91' lang='lat' dir='ltr'>p.</span> <span class='ocrx_word' id='word_1_278' title='bbox 1085 3687 1164 3767; x_wconf 64' lang='grc'><strong>462).</strong></span> 
     </span>
    </p>
   </div>
   <div class='ocr_carea' id='block_1_10' title="bbox 250 3931 1424 4093">
    <p class='ocr_par' dir='ltr' id='par_1_10' title="bbox 250 3931 1424 4093">
     <span class='ocr_line' id='line_1_32' title="bbox 358 3931 1424 4004; baseline 0.001 -19"><span class='ocrx_word' id='word_1_279' title='bbox 358 3933 377 4001; x_wconf 86' lang='lat'>¹)</span> <span class='ocrx_word' id='word_1_280' title='bbox 396 3932 524 4004; x_wconf 76' lang='lat' dir='ltr'>Beitritgc</span> <span class='ocrx_word' id='word_1_281' title='bbox 542 3949 592 3986; x_wconf 84' lang='lat' dir='ltr'>zur</span> <span class='ocrx_word' id='word_1_282' title='bbox 610 3931 705 3986; x_wconf 87' lang='lat' dir='ltr'>Kritik</span> <span class='ocrx_word' id='word_1_283' title='bbox 724 3931 772 3987; x_wconf 90' lang='lat' dir='ltr'>des</span> <span class='ocrx_word' id='word_1_284' title='bbox 786 3933 898 3988; x_wconf 83' lang='lat' dir='ltr'>Lucrea.</span> <span class='ocrx_word' id='word_1_285' title='bbox 918 3933 1082 4004; x_wconf 84' lang='lat' dir='ltr'>Programm</span> <span class='ocrx_word' id='word_1_286' title='bbox 1101 3932 1149 3987; x_wconf 84' lang='lat' dir='ltr'>des</span> <span class='ocrx_word' id='word_1_287' title='bbox 1169 3932 1367 4003; x_wconf 84' lang='lat' dir='ltr'>Gymnasiums</span> <span class='ocrx_word' id='word_1_288' title='bbox 1386 3951 1424 3986; x_wconf 90' lang='lat' dir='ltr'>zu</span> 
     </span>
     <span class='ocr_line' id='line_1_33' title="bbox 250 4020 597 4093; baseline -0.014 -14"><span class='ocrx_word' id='word_1_289' title='bbox 250 4020 401 4079; x_wconf 83' lang='lat' dir='ltr'>Salzwedel</span> <span class='ocrx_word' id='word_1_290' title='bbox 421 4023 488 4077; x_wconf 83' lang='lat'>1857</span> <span class='ocrx_word' id='word_1_291' title='bbox 508 4040 536 4093; x_wconf 93' lang='lat' dir='ltr'>p.</span> <span class='ocrx_word' id='word_1_292' title='bbox 556 4024 597 4077; x_wconf 89' lang='grc'>19.</span> 
     </span>
    </p>
   </div>
   <div class='ocr_carea' id='block_1_11' title="bbox 358 4129 948 4201">
    <p class='ocr_par' dir='ltr' id='par_1_11' title="bbox 358 4129 948 4201">
     <span class='ocr_line' id='line_1_34' title="bbox 358 4129 948 4201; baseline -0.002 -16"><span class='ocrx_word' id='word_1_293' title='bbox 358 4130 378 4199; x_wconf 81' lang='lat'>²)</span> <span class='ocrx_word' id='word_1_294' title='bbox 397 4129 440 4185; x_wconf 83' lang='lat' dir='ltr'>cf.</span> <span class='ocrx_word' id='word_1_295' title='bbox 459 4129 542 4184; x_wconf 88' lang='lat' dir='ltr'>huius</span> <span class='ocrx_word' id='word_1_296' title='bbox 560 4131 800 4186; x_wconf 83' lang='lat' dir='ltr'>commentationis</span> <span class='ocrx_word' id='word_1_297' title='bbox 819 4134 834 4201; x_wconf 67' lang='grc' dir='ltr'>ξ</span> <span class='ocrx_word' id='word_1_298' title='bbox 853 4132 878 4198; x_wconf 88' lang='grc'>2,</span> <span class='ocrx_word' id='word_1_299' title='bbox 898 4131 948 4185; x_wconf 72' lang='grc'>31.</span> 
     </span>
    </p>
   </div>
   <div class='ocr_carea' id='block_1_12' title="bbox 0 0 1502 4822">
    <p class='ocr_par' dir='ltr' id='par_1_12' title="bbox 0 0 1502 4822">
     <span class='ocr_line' id='line_1_35' title="bbox 0 0 1502 4822; baseline 0 0"><span class='ocrx_word' id='word_1_300' title='bbox 0 0 1502 4822; x_wconf 95' lang='lat' dir='ltr'> </span> 
     </span>
    </p>
   </div>
  </div>
 </body>
</html>
