2978 4822
800 319 851 396 12·

235 511 382 577 Lambini
406 535 552 580 versuum
580 515 816 580 collocationem
845 513 990 580 defendit
1016 514 1077 580 nisi
1100 512 1185 600 quod
1208 537 1280 579 oum
1302 513 1412 578 lach·
1482 493 1483 498 ἵ

235 641 350 683 manno
380 626 416 685 ot
443 621 520 707 legit
550 644 609 708 pro
639 644 695 688 aa.
742 622 840 687 Putat
866 622 950 687 enim
974 623 1023 686 vir
1050 620 1251 687 doctissimus
1280 627 1413 686 senten-

235 725 326 806 tiam,
353 749 446 812 quam
474 727 689 794 desideramus
715 737 791 816 post
812 729 910 796 verba
936 732 993 795 sed
1019 732 1075 794 etti
1101 730 1154 794 mil
1175 727 1296 794 wadii
1316 729 1413 812 aspri

237 872 278 880 -
302 855 447 899 umorem
470 837 639 901 ascendere
663 838 723 902 teli
752 877 794 885 -
825 844 874 901 est
896 844 1001 901 autem
1023 836 1102 902 haec
1124 835 1206 900 iere:
1234 836 1321 920 atqui
1345 833 1411 899 diis

235 939 280 1003 nil
310 939 426 1005 accidit
454 943 539 1028 aegri
569 950 711 1030 tempore
740 945 773 1008 in
803 951 961 1024 anteacto,
993 965 1068 1029 ergo
1097 942 1184 1008 nulla
1213 949 1280 1007 erat
1311 963 1411 1006 eausa

236 1068 292 1110 cur
318 1057 471 1134 cuperent
497 1049 595 1116 vitam
624 1051 761 1138 priorem
789 1059 911 1116 mutare
942 1089 984 1099 —
1014 1049 1169 1116 contineri
1199 1049 1305 1114 verbis
1336 1070 1411 1113 oum

236 1153 336 1218 ironia
365 1154 499 1240 quadam
529 1155 660 1244 prolatis
690 1164 738 1240 at,
763 1159 868 1240 medo,
900 1196 942 1206 —
972 1158 1070 1242 oripo.
1115 1156 1206 1222 Haec
1229 1155 1411 1242 explicatio,

238 1284 426 1348 quamquam
449 1263 629 1350 Briegeroll
657 1264 784 1350 placuit,
806 1273 920 1344 tamen,
943 1287 1018 1328 num
1040 1263 1081 1329 ab
1104 1265 1190 1328 omni
1211 1270 1300 1351 parte
1323 1270 1411 1327 recte

237 1390 271 1433 se
303 1368 431 1451 habeat,
464 1370 611 1457 equidem
642 1370 763 1436 dubito.
826 1371 1051 1457 Praeterquam
1086 1371 1168 1437 enim
1203 1369 1288 1456 quod
1322 1369 1410 1434 haud

236 1476 330 1542 facile
358 1477 551 1562 intellegitur
573 1478 670 1546 verba
692 1465 838 1543 illa'oum
860 1479 961 1544 ironia
983 1477 1069 1544 diota
1092 1501 1176 1559 esse,
1199 1477 1322 1543 duobus
1345 1476 1410 1542 illis

237 1584 382 1648 versibus
410 1585 508 1650 totius
536 1585 596 1652 looi
626 1586 821 1652 concinnitas
848 1585 929 1651 male
956 1586 1166 1672 perturbatur.
1211 1584 1301 1650 Dicit
1324 1583 1410 1649 enim

237 1698 345 1775 poeta,
373 1691 400 1755 si
423 1692 583 1777 sequimur
607 1715 754 1758 versuum
778 1692 929 1774 ordinem,
951 1693 1005 1779 qui
1028 1700 1133 1758 exstat
1154 1694 1186 1756 in
1210 1691 1310 1773 codd,
1333 1690 1410 1756 inde

237 1820 308 1862 av.
334 1800 397 1862 165
427 1797 506 1865 haec
532 1799 614 1866 fere:
652 1800 729 1886 quid
759 1801 962 1865 emolumenti
991 1801 1092 1886 gratia
1121 1807 1230 1864 nostra
1258 1797 1320 1864 diis
1352 1798 1410 1863 ad-

237 1904 318 1969 ferre
341 1915 437 1991 queat
459 1914 494 1971 ut
516 1914 624 1972 nostra
646 1929 741 1972 causa
762 1907 883 1994 aliquid
911 1907 1105 1994 suscipiant?
1142 1906 1287 1990 (Prorsus
1310 1905 1410 1988 nihil.)

237 2011 306 2075 Aut
338 2012 414 2097 quid
445 2015 550 2100 potuit
581 2013 659 2080 deos
688 2015 791 2080 adhuc
820 2017 945 2101 quietos
978 2014 1094 2080 illicere
1125 2020 1160 2078 ut
1190 2013 1288 2079 vitam
1319 2035 1410 2078 suam

238 2119 437 2205 tranquillam
465 2129 585 2187 mutare
609 2122 748 2188 vellent?
792 2123 898 2205 (Certe
926 2122 1024 2206 nihil.)
1069 2121 1172 2186 Novis
1201 2121 1283 2184 enim
1314 2119 1410 2184 rebus

238 2227 265 2290 is
293 2227 379 2292 solus
408 2227 528 2309 studet,
557 2231 607 2294 cui
630 2237 755 2296 veteres
774 2233 833 2295 ¹res
862 2231 992 2310 obsunt3
1022 2230 1076 2314 qui
1099 2251 1176 2294 vero
1200 2227 1288 2313 degit
1309 2227 1411 2293 vitam

238 2341 391 2420 perpetuo
414 2335 505 2400 malis
528 2336 673 2417 liberam,
703 2335 779 2422 quid
807 2337 862 2402 tali
889 2337 1008 2400 homini
1038 2335 1143 2421 potuit
1165 2336 1302 2400 excitare
1325 2332 1413 2399 desi-

238 2439 360 2505 derium
393 2441 561 2507 mutandae
594 2445 708 2530 p1io1is
741 2446 825 2508 vitae
858 2442 1074 2508 condicionis?
1127 2442 1194 2506 Aut
1227 2439 1303 2528 quid
1334 2441 1414 2505 mali

238 2548 330 2613 nobis
353 2549 532 2615 hominibus
557 2557 650 2630 esset,
673 2551 700 2614 si
724 2550 851 2615 omnino
874 2573 937 2614 non
961 2550 1057 2614 creati
1073 2551 1235 2614 essemus?
1264 2548 1415 2631 (Prorsus

239 2655 335 2740 nihil.)
390 2655 572 2742 Sequuntur
602 2679 685 2721 nunc
717 2656 781 2722 duo
813 2657 858 2722 illi
887 2679 997 2722 versus
1030 2679 1076 2722 ao
1107 2658 1200 2722 credo
1232 2695 1274 2704 —
1307 2654 1413 2739 oripo.

238 2763 321 2828 Tum
353 2766 457 2851 pergit
486 2773 595 2851 poeta:
631 2787 704 2829 nam
737 2765 791 2850 qui
823 2772 915 2829 natus
951 2773 1000 2829 est
1033 2763 1129 2828 debet
1161 2763 1242 2828 velle
1277 2764 1309 2826 in
1344 2763 1418 2828 vita

239 2892 364 2935 manere
387 2869 536 2957 quamdiu
560 2894 631 2936 eum
654 2871 803 2936 retinebit
825 2871 954 2937 vivendi
971 2869 1131 2958 voluptas3
1155 2871 1208 2955 qui
1233 2891 1308 2933 vero
1331 2891 1421 2933 nun-

240 3000 333 3063 quam
350 2978 435 3043 vitae
458 3000 596 3044 amorem
617 2980 768 3064 gustavit,
791 2979 867 3065 quid
890 2979 945 3043 tali
964 2978 1083 3043 homini
1099 2985 1228 3041 noceret
1243 2976 1270 3040 si
1286 2985 1421 3042 creatus

240 3108 303 3149 non
326 3088 432 3150 esset?
464 3086 607 3173 Apparet
629 3109 669 3150 ex
691 3085 741 3151 his
760 3086 935 3151 arctissime
950 3087 1033 3150 inter
1047 3106 1082 3150 se
1101 3083 1268 3149 cohaerere
1284 3089 1421 3152 uersus:

400 3193 518 3280 quidue
540 3196 619 3258 aovi
644 3245 650 3258 .
679 3245 685 3259 .
714 3245 720 3259 .

398 3301 533 3366 inlicere
555 3305 595 3364 ol
619 3352 626 3366 .
654 3352 660 3366 .
689 3351 696 3367 .

400 3429 482 3473 oum
501 3409 643 3492 paudere
668 3459 675 3473 .
703 3458 711 3473 .
739 3459 746 3473 .

400 3516 456 3580 eui
478 3520 597 3582 veteres
622 3567 629 3580 .
658 3567 665 3580 .
693 3567 699 3580 .

403 3629 543 3707 tempore
564 3623 604 3687 io
626 3628 773 3687 anteacto
799 3673 806 3687 .
834 3673 841 3686 .
869 3674 875 3686 .

401 3731 483 3816 quid
500 3730 614 3816 potuit
639 3780 645 3794 .
673 3780 680 3794 .
709 3781 715 3794 .

241 3837 354 3922 quibus
379 3840 410 3902 in
434 3836 578 3902 versibus
602 3835 642 3901 de
665 3835 727 3900 diis
751 3859 854 3900 sermo
877 3844 940 3916 est,
962 3836 1141 3921 pariterque
1166 3856 1289 3898 versus:

402 3946 520 4032 quidue
542 3945 656 4009 muli.
685 3996 691 4008 .
719 3995 726 4009 .

351 4181 369 4248 ¹)
389 4178 515 4246 Bursian,
534 4177 661 4234 Jahresb.
681 4178 724 4233 VI
743 4195 770 4248 p.
791 4177 850 4232 190.
