2978 4822
810 321 852 382 42

246 521 391 580 versatur
413 516 445 579 in
469 513 674 579 collocatione
698 515 917 599 pronominum
940 516 1050 579 eodem
1074 536 1145 580 0000
1164 520 1196 578 et
1214 515 1245 578 in
1265 513 1421 600 asyndeto

245 621 368 685 illorum
392 621 619 707 pronominum.

353 733 381 811 e)
404 727 629 793 Memorabiles
659 736 733 793 sunt
761 728 904 793 nonnulli
933 729 1010 810 loci,
1040 728 1094 794 ubi
1124 751 1232 808 causa,
1261 727 1301 792 ad
1326 750 1422 814 qnam

245 834 382 899 refertur
406 858 436 920 p.
466 856 554 918 0090,
584 843 695 922 postea
725 836 852 900 demum
881 834 1023 917 additur,
1052 837 1122 922 ipsa
1152 843 1256 900 autem
1286 858 1317 921 p.
1348 857 1422 919 erpo

245 942 465 1028 praemittitur.
517 942 668 1007 Attamen
700 943 844 1008 omnibus
874 942 937 1007 illis
966 943 1044 1007 locis
1074 965 1169 1008 causa
1198 943 1231 1006 in
1261 942 1317 1023 eis,
1339 965 1422 1027 quae

246 1072 275 1135 p.
300 1069 372 1132 erpo
400 1048 604 1130 antecedunt,
632 1051 811 1114 continetur
836 1058 868 1114 et
890 1050 1051 1136 particulis
1075 1051 1243 1135 quoniam,
1267 1051 1420 1134 quondo-

246 1156 378 1239 quidem
401 1157 514 1220 ceteris
538 1155 641 1221 denuo
665 1179 760 1222 causa
782 1179 837 1221 cur
860 1157 978 1242 aliquid
1001 1157 1045 1222 ita
1068 1159 1111 1221 sit
1132 1158 1185 1222 vel
1207 1157 1270 1237 fiat,
1292 1155 1424 1220 additur

246 1270 282 1326 ut
304 1263 403 1348 magis
427 1264 626 1328 confirmetur
648 1264 879 1329 conclusionem
903 1272 988 1329 recte
1008 1287 1042 1329 se
1060 1264 1184 1329 habere.
1219 1262 1272 1329 Sic
1286 1263 1422 1350 legimus

408 1392 481 1456 erpo
505 1410 546 1418 —
571 1372 731 1456 quoniam
753 1370 790 1434 Π
810 1375 891 1452 519,
914 1371 970 1436 ΙΠ
990 1375 1070 1452 175,
1092 1371 1149 1439 IV
1168 1374 1241 1436 538.

407 1499 479 1562 0090
503 1518 544 1526 —--
569 1479 836 1564 qcmadoqoa'dem
858 1478 915 1542 111
937 1482 1011 1543 455.

407 1607 479 1669 erpo
503 1624 544 1632 —
569 1590 734 1669 qautenus
757 1586 813 1650 HI
837 1588 910 1651 216.

407 1713 479 1776 erpo
503 1731 545 1740 -
570 1693 650 1777 qaia
672 1693 708 1760 V
726 1696 821 1758 1428.

353 1797 583 1879 thollocatur
612 1823 642 1885 p.
673 1821 745 1884 erpo
768 1801 951 1887 plerumque
982 1801 1021 1865 ab
1044 1801 1135 1864 initio
1158 1799 1308 1864 orationis
1331 1800 1424 1864 velut

246 1906 340 1985 Ι72,
371 1907 445 1986 364,
475 1909 550 1986 445,
582 1911 662 1987 538,
692 1907 730 1971 Π
754 1911 805 1988 20,
835 1911 910 1988 495,
941 1910 1015 1988 519,
1046 1910 1124 1988 624,
1155 1910 1236 1987 879,
1265 1907 1321 1970 ΙΠ
1348 1910 1423 1986 175,

247 2014 321 2090 216,
351 2015 426 2092 455,
457 2016 530 2094 519,
562 2016 643 2094 665,
672 2014 796 2096 IV82,
828 2018 901 2095 157,
933 2019 1006 2095 538,
1037 2017 1111 2094 558,
1142 2016 1217 2094 605,
1246 2018 1311 2079 883
1336 2014 1423 2094 alibi,

246 2121 346 2184 rarius
369 2127 458 2184 tenet
480 2123 654 2186 secundum
676 2122 780 2186 locum
801 2121 820 2185 I
845 2125 922 2202 526,
947 2124 1028 2202 964,
1055 2121 1111 2185 ΠΙ
1137 2124 1214 2201 184,
1243 2123 1320 2200 537,
1347 2123 1423 2200 699,

249 2229 327 2306 754,
356 2226 514 2308 17804,
538 2228 593 2297 VI
618 2232 720 2309 1078,
751 2230 845 2294 tertio
874 2229 945 2293 loco
974 2229 1080 2314 posita
1109 2236 1159 2293 est
1187 2228 1243 2292 III
1268 2230 1330 2293 967
1363 2251 1423 2293 nec

246 2335 361 2398 minas
394 2356 487 2418 crpo,·
526 2335 624 2400 semel
660 2334 739 2400 adeo
771 2338 913 2421 quintum
944 2336 1046 2400 locum
1078 2342 1214 2422 occupat
1245 2335 1301 2403 VI
1334 2339 1422 2401 1243

246 2441 393 2526 optimas
416 2443 475 2506 000
499 2443 554 2506 leta·
573 2463 678 2526 penas
701 2463 773 2527 erpo
797 2444 937 2528 quisque
959 2443 1099 2508 actitat.

612 2624 653 2685 ¹2.
687 2621 739 2686 De
762 2621 915 2708 particula
937 2622 1042 2706 iptlor

355 2763 391 2827 P.
414 2764 528 2847 090000,
553 2785 616 2850 qua
630 2787 706 2850 prae
722 2764 835 2830 ceteris
859 2764 1023 2851 particulis
1047 2763 1238 2829 conclusivis
1261 2785 1337 2828 0000
1363 2772 1422 2844 est,

246 2869 415 2934 Lucretius
439 2871 612 2956 usurpavit

353 2983 381 3059 a)
405 2977 437 3040 in
467 2977 602 3041 transitu
632 2977 672 3041 ad
702 3000 769 3041 rem
799 2975 993 3065 propositam
1023 2977 1218 3042 tractandam
1246 2977 1322 3041 utI
1348 2980 1423 3058 146,

248 3086 329 3163 958,
351 3083 407 3150 IV
426 3087 477 3148 42.

353 3190 384 3271 b)
408 3190 440 3255 in
464 3191 628 3256 sententiis
651 3191 836 3278 simpliciter
858 3194 940 3256 inter
967 3214 1002 3257 se
1028 3191 1204 3257 vinciendis
1228 3191 1422 3278 saepissime.

353 3302 382 3382 c)
405 3299 437 3361 in
466 3299 561 3363 rebus
596 3297 814 3385 comparandis
845 3321 917 3362 cum
947 3321 964 3363 e
993 3298 1088 3363 rebus
1118 3298 1250 3362 conlatis
1280 3298 1422 3384 aequalis

246 3405 389 3469 condicio
413 3405 454 3469 ad
476 3405 568 3470 aliam
592 3429 659 3470 rem
674 3405 809 3470 refertur
825 3406 876 3470 vel
892 3405 1018 3470 erebus
1035 3405 1204 3492 propositis
1222 3403 1423 3470 concluditur

246 3534 442 3597 consequens
465 3535 535 3576 esse
559 3512 700 3593 alterum,
724 3513 812 3578 velut
833 3512 852 3575 1
876 3515 957 3592 290,
985 3512 1022 3576 ΙΙ
1046 3515 1120 3592 203,
1146 3515 1248 3592 1144,
1271 3511 1325 3579 IV
1346 3514 1422 3591 518,

247 3621 321 3699 872,
347 3622 449 3698 1044,
472 3618 508 3685 V
526 3622 600 3699 302,
615 3621 690 3701 467,
706 3623 781 3699 495,
798 3621 871 3699 546,
888 3622 950 3684 831
960 3644 969 3699 ,
993 3618 1048 3687 VI
1069 3622 1143 3698 262,
1160 3621 1234 3699 317,
1251 3620 1325 3699 665,
1345 3622 1422 3683 895.

353 3725 385 3808 d)
408 3726 441 3788 in
477 3725 609 3811 apodosi
644 3726 663 3790 I
694 3730 760 3792 419
797 3727 853 3792 scd
887 3747 979 3792 00000
1015 3733 1055 3791 ot
1089 3731 1237 3812 repetam¹
1271 3730 1421 3811 coeptum

242 3838 408 3918 pertenere
424 3833 529 3915 dietis,
546 3835 655 3899 omnis
674 3887 680 3898 .
701 3886 708 3898 .
729 3886 735 3899 .
754 3834 882 3918 icitur.
912 3886 918 3899 .
939 3886 946 3900 .
967 3839 1093 3899 natura
1111 3885 1117 3898 .
1138 3885 1145 3898 .
1166 3838 1342 3898 ,0000100
1363 3883 1370 3898 .
1393 3859 1420 3911 .,·

246 3940 302 4008 IV
326 3942 387 4005 197
409 3963 475 4026 sqq.
504 3947 672 4027 praetereo
699 3942 738 4022 00,
765 3963 848 4026 qaae
867 3942 1005 4028 penitas
1029 3942 1223 4027 corpusculo
1245 3961 1359 4004 reram
1383 3962 1423 4004 00

247 4048 375 4132 altoque
404 4049 496 4132 foras
525 4049 717 4131 mittantur,
744 4099 750 4113 .
779 4100 785 4113 .
814 4101 820 4114 .
855 4051 932 4114 0000
956 4053 1082 4134 puncto
1113 4053 1297 4114 00000000·
1327 4049 1422 4132 apsa

246 4155 313 4219 dict
331 4176 394 4241 per
417 4162 521 4221 totum
545 4157 626 4222 coeli
647 4157 797 4242 spatium
819 4157 1006 4240 diffundere
1029 4177 1105 4239 sese,
1129 4208 1135 4221 .
1164 4207 1170 4221 .
1200 4207 1206 4220 .
1232 4155 1314 4241 qaid
1336 4176 1423 4241 quac
