2978 4822
640 285 681 346 33

459 554 486 615 3.
510 548 561 613 De
584 548 738 634 particula
760 549 860 614 eadm.
901 603 903 608 .

182 693 233 757 De
256 717 286 780 p.
316 693 420 775 eadm,
450 714 530 777 quae
561 713 660 778 aeque
688 713 725 756 ac
748 691 919 777 particulae
942 713 1024 756 ream
1047 699 1080 755 et
1101 713 1245 776 namque

72 823 203 866 causam
235 809 268 866 et
299 799 539 885 explicationem
574 798 744 884 significat,
779 797 857 863 haec
890 797 1031 864 breviter
1064 797 1248 883 attingenda

72 930 146 973 esse
169 915 263 994 puto:

183 1019 212 1098 a)
234 1013 494 1099 Breviloquentia
516 1012 669 1099 quaedam
693 1013 779 1098 inp.
803 1013 893 1078 errem
915 1012 1011 1094 inest,
1041 1034 1112 1076 cum
1139 1014 1172 1076 in
1200 1035 1249 1077 re-

72 1143 195 1208 sponso
225 1130 297 1186 ante
328 1122 418 1185 erzr'm
447 1142 512 1186 vox
542 1120 628 1184 aiens
659 1127 716 1200 est¹
738 1118 955 1185 subaudienda
977 1127 1014 1183 ut
1035 1119 1091 1182 HI
1116 1122 1179 1184 356
1203 1144 1249 1207 sq.
1356 1161 1360 1172 .

71 1236 109 1294 et
132 1229 273 1294 dimissa
288 1228 405 1292 aetrno
421 1249 540 1314 corpas
556 1232 644 1292 caret
658 1228 806 1312 undique
820 1248 941 1291 seusu:
960 1228 1073 1312 perde’t
1087 1229 1178 1292 araim
1195 1277 1202 1292 .
1218 1277 1225 1292 .
1242 1277 1249 1292 .

71 1337 128 1400 ubi
159 1357 347 1422 responsum
379 1334 542 1400 exorditur
573 1357 593 1398 a
624 1356 702 1400 voce
728 1336 849 1421 perdel.
903 1336 990 1399 Ante
1018 1335 1116 1400 verba
1137 1336 1251 1420 perdit

71 1444 167 1507 enim
189 1451 294 1506 mente
317 1451 367 1507 est
388 1440 585 1506 addendum:
609 1463 689 1506 sane
711 1441 764 1506 vel
785 1447 868 1506 recte
891 1442 1033 1525 quidem.

183 1549 215 1634 b)
237 1549 277 1613 In
300 1549 598 1634 interrogationibus
614 1572 644 1635 p.
661 1549 751 1612 enim
771 1557 826 1613 aut
840 1549 988 1634 negativa
1002 1557 1058 1612 aut
1073 1547 1250 1615 dubitativa

72 1657 234 1722 sententia
265 1655 403 1721 efficitur
434 1664 470 1719 ut
500 1655 607 1719 1699
640 1677 704 1741 quo
735 1656 916 1739 referemus
943 1656 1056 1720 eadm?
1103 1655 1141 1719 Π
1170 1659 1251 1738 798,

72 1764 131 1827 ΠΙ
156 1765 175 1827 6
200 1764 282 1849 quid
304 1764 394 1828 enim
419 1814 426 1828 .
455 1814 461 1827 .
490 1814 496 1828 .
522 1763 768 1847 autqurdrccm
793 1814 800 1828 .
828 1813 835 1827 .
863 1765 899 1828 ..2
925 1765 1006 1844 354;
1034 1762 1146 1845 V24,
1171 1766 1251 1845 165,

73 1871 130 1939 VI
155 1872 220 1934 655

184 1984 212 2062 c)
245 1976 343 2055 Quod
376 1978 491 2041 attinet
523 1975 565 2041 ad
599 1976 835 2042 collocationem
874 2000 905 2063 p.
940 1978 1030 2042 euim
1067 1979 1251 2065 plerumque

75 2084 253 2150 secundum
285 2084 459 2149 sententiae
489 2083 594 2148 locum
624 2091 757 2169 occupat
764 2108 772 2164 3
805 2084 881 2147 satis
915 2083 1024 2148 crebro
1056 2088 1150 2150 tertio
1181 2087 1251 2151 loco

75 2194 183 2278 posite
206 2200 256 2256 est
278 2199 313 2255 ut
335 2191 354 2254 I
378 2193 441 2255 647
459 2192 512 2255 rcr'l
527 2192 695 2275 prodesset
709 2191 809 2273 enim,
834 2192 897 2256 650
914 2193 1023 2256 certor
1038 2194 1137 2257 ardor
1152 2195 1251 2277 eodm,

76 2302 154 2380 680,
187 2300 261 2379 704,
292 2300 366 2379 767,
397 2300 478 2378 974,
509 2297 547 2361 Π
572 2301 645 2378 129,
674 2301 755 2379 133,
785 2298 842 2361 HI
867 2301 939 2379 141,
970 2300 1044 2380 246,
1074 2301 1149 2380 605,
1180 2304 1253 2383 754,

77 2409 142 2472 917
176 2405 267 2487 alibi;
297 2412 443 2491 quartum
472 2405 576 2469 locum
605 2412 694 2470 tenet
723 2429 753 2492 p.
777 2406 867 2470 errc’m
895 2405 933 2469 H
964 2409 1049 2472 1153
1080 2408 1183 2490 laced,
1214 2415 1254 2474 ut

75 2515 207 2599 operaor,
231 2514 340 2593 enirm
371 2511 428 2575 111
451 2515 515 2576 235
538 2533 619 2576 reru
649 2514 736 2598 quod
764 2513 836 2578 eires
864 2515 968 2596 enim,
1000 2517 1063 2579 558
1094 2537 1153 2580 aee
1181 2518 1254 2582 sc'ree

75 2641 211 2704 corpore
234 2620 333 2702 enirn,
359 2622 423 2684 788
441 2645 480 2680 .-.
498 2618 531 2688 V
551 2622 614 2685 134
631 2620 721 2705 quid,
744 2620 776 2684 sc'
793 2626 912 2704 posset,
937 2621 1061 2703 eadm,
1086 2625 1151 2686 874
1174 2645 1252 2707 porr,

75 2733 117 2792 ut
141 2728 268 2812 opr'rror,
299 2727 408 2806 enim·
444 2725 476 2794 V
501 2728 564 2791 975
596 2748 617 2790 a
641 2727 760 2812 percis
790 2729 877 2812 quod
906 2730 1014 2808 emm·
1046 2729 1156 2814 quinto
1183 2731 1253 2795 loco

76 2859 108 2921 p.
133 2834 224 2898 enim
246 2832 399 2898 collocata
421 2839 471 2897 est
492 2831 511 2895 1
535 2835 599 2897 219
622 2834 718 2898 pulla
732 2835 768 2898 ec'
782 2835 868 2918 foret
881 2856 964 2899 reses
980 2836 1089 2916 ardre,-
1114 2836 1150 2906 V
1168 2840 1252 2902 1146

75 2941 193 3006 certus
222 2962 261 3005 ec
289 2940 343 3005 ire
373 2941 460 3025 quod
488 2940 597 3020 edim·
629 2939 770 3010 V1701
802 2942 842 3006 r'rr
870 2963 1001 3007 summo
1028 2949 1110 3008 suet
1137 2945 1255 3010 vertice

76 3048 181 3112 erca'm.
229 3045 264 3111 Si
294 3048 455 3133 sequimur
484 3047 675 3112 recentiores
706 3046 843 3114 editores
874 3034 1029 3136 nusquam
1057 3050 1089 3114 in
1118 3053 1254 3117 carmine

76 3154 272 3219 Lucretiano
302 3177 333 3240 p.
356 3154 447 3218 enim
475 3154 515 3220 ab
545 3154 636 3218 initio
666 3157 842 3221 sententiae
868 3157 974 3242 posita
1001 3165 1059 3223 est.
1103 3158 1255 3223 Attamen

77 3284 145 3326 uno
174 3261 259 3342 loco,
289 3260 343 3329 VI
368 3263 467 3340 1275,
497 3260 642 3347 equidem
672 3285 703 3348 p.
731 3263 821 3327 ertc'm
849 3263 950 3349 primo
979 3264 1052 3328 loco
1082 3267 1256 3331 sententiae

77 3367 295 3434 collocandam
334 3389 404 3432 esse
442 3390 565 3433 censeo.
619 3368 715 3432 Illum
752 3369 848 3455 igitur
884 3370 989 3434 locum
1026 3371 1257 3454 Lachmannus‚

77 3476 283 3561 Bemaysius,
306 3474 434 3556 Munro,
456 3475 706 3556 Bockemueller‚
728 3476 869 3561 Brieger,
892 3477 938 3541 sie
961 3477 1117 3542 scribunt:

241 3604 300 3647 aec
321 3583 393 3647 tam
416 3583 530 3667 relr'pe‘o
553 3584 664 3648 dicem
687 3605 746 3648 aec
769 3584 915 3649 nemina
937 3585 1053 3669 rudpret

237 3690 470 3775 pendebantur
492 3691 602 3755 entre:
621 3711 781 3775 praesens
803 3692 893 3756 dolor
916 3693 1141 3778 eecuperabat.

190 3794 254 3861 Sed
278 3795 370 3862 valde
394 3795 505 3862 dubito
528 3819 604 3860 num
628 3798 674 3862 sic
695 3798 958 3884 interpunctionis
975 3800 1099 3886 signum
1115 3823 1173 3865 suo
1188 3801 1258 3866 loeo

81 3905 223 3990 positum
254 3903 304 3968 sit.
349 3903 492 3969 Primum
525 3904 609 3969 enim
641 3903 769 3969 offendo
798 3905 831 3968 in
862 3906 1069 3972 collocatione
1098 3931 1129 3994 p.
1158 3909 1257 3991 enim,

81 4031 163 4096 quae
193 4009 239 4075 ita
267 4010 319 4076 vel
349 4033 468 4076 nonum
499 4013 674 4077 sententiae
696 4012 802 4077 locum
824 4019 920 4077 tenet.
965 4013 1132 4078 Eiusmodi
1154 4022 1260 4079 autem

82 4117 300 4182 collocationis
329 4141 360 4204 p.
384 4119 474 4183 erec'm
504 4120 683 4205 exemplum
712 4118 796 4206 apud
826 4118 925 4184 ullum
952 4119 1048 4184 alium
1075 4121 1259 4208 scriptorem

1048 4249 1063 4298 3
