2978 4822
775 267 815 330 72

212 479 305 542 111111,
341 466 426 528 1079
459 483 505 548 sq.
537 465 627 546 loaye
656 462 741 528 alias
771 484 860 528 voees
889 469 919 528 et
946 485 1054 548 qaam.
1102 463 1248 550 Apparet
1270 487 1311 528 ex
1333 464 1387 530 his

212 569 364 656 exemplis
387 570 570 635 Lucretium
600 569 754 655 particula
786 576 816 635 et
846 570 1059 656 comparativa
1091 593 1155 635 non
1187 593 1279 635 nsum
1312 593 1387 636 esse

211 678 273 742 nisi
295 685 367 742 ante
391 684 601 742 consonantes
624 699 641 741 c
664 685 696 741 et
719 698 764 762 qa
793 686 826 740 et
849 677 984 742 vocales.
1030 677 1241 743 Confirmatur
1262 678 1321 743 hac
1351 702 1387 744 re

213 780 298 870 quod
327 783 422 848 docet
449 783 611 872 Hauptius
624 788 646 865 1)
676 784 860 848 Lucretium
882 784 1066 870 particulam·
1089 807 1128 850 ac
1149 781 1278 870 prorsus
1301 787 1389 850 vita-

212 892 298 957 visse
328 898 400 955 ante
430 898 638 956 consonantes
667 891 843 976 gutturales
873 899 1006 977 excepto
1029 911 1093 956 uno
1116 891 1186 957 loco
1209 891 1274 974 (VI
1297 895 1388 976 440).

470 1258 490 1344 ξ
520 1254 553 1326 8.
607 1251 665 1324 Dc
692 1251 875 1348 particulis
903 1247 1124 1325 concessivis

565 1464 593 1526 l.
615 1461 668 1526 De
690 1461 843 1547 particula
866 1462 1028 1547 quamvis

317 1585 544 1651 Particularum
560 1589 812 1652 concessivamm
827 1586 996 1651 Lucretius
1012 1594 1137 1672 praeter
1152 1610 1181 1672 p.
1198 1608 1273 1652 cam
1289 1587 1386 1672 longe

209 1693 464 1778 frequentissime
493 1714 569 1758 usus
600 1701 650 1758 est
675 1717 706 1780 p.
730 1694 893 1778 quamvis
941 1693 991 1757 Ac
1019 1695 1162 1779 sequitur
1182 1692 1263 1757 hanc
1285 1695 1386 1780 parti-

210 1800 327 1865 culam:

316 1911 345 1990 a)
374 1906 563 1972 indicativus
594 1930 666 1972 cum
696 1907 887 1993 significatur
916 1905 963 1987 id,
995 1905 1080 1991 quod
1111 1905 1309 1986 conceditur,
1342 1931 1385 1972 re

209 2037 306 2081 vera
329 2036 398 2079 esse
422 2015 474 2079 vel
495 2015 571 2095 fieri,
594 2015 639 2078 ita
661 2021 697 2078 ut
719 2039 749 2100 p.
773 2015 926 2099 quamuis
949 2016 1004 2079 vix
1027 2013 1153 2079 differat
1175 2037 1194 2078 a
1216 2038 1246 2100 p.
1266 2037 1384 2099 qaam-

209 2144 311 2206 quam
340 2121 483 2186 111403
513 2122 678 2205 (queraris
708 2126 782 2206 est),
814 2124 877 2186 703
906 2122 1075 2207 (quomens
1098 2125 1209 2204 caat);
1238 2121 1294 2189 IV
1316 2125 1384 2186 424

210 2229 374 2314 (quamvis
397 2232 463 2310 est).
509 2228 677 2293 Praeterea
706 2252 736 2314 p.
767 2230 920 2311 quamvis
949 2226 1139 2292 indicativus
1164 2229 1306 2314 sequitur
1327 2229 1386 2292 HI

209 2338 284 2401 415.
328 2335 369 2398 In
392 2333 483 2398 codd.
506 2334 557 2398 hic
579 2357 691 2400 versus
715 2335 761 2399 sic
784 2342 903 2398 exstat:

375 2442 553 2505 incolomis
576 2442 729 2526 quamuis
752 2442 879 2525 alioqui
900 2443 1092 2527 splendidus
1115 2443 1212 2506 orbis

209 2547 337 2613 Lachm.
367 2547 450 2612 huuc
480 2569 607 2613 versum
637 2547 757 2613 delevit
786 2546 897 2612 eadem
925 2547 965 2614 de
988 2571 1095 2630 causa,
1125 2571 1187 2635 qua
1214 2546 1384 2613 delendum

209 2677 279 2720 esse
302 2655 425 2720 censuit
448 2679 478 2720 v.
494 2659 569 2735 412,
592 2654 676 2740 quod
697 2663 730 2720 et
745 2657 979 2720 constructione
1002 2655 1159 2720 laboraret
1181 2664 1214 2720 et
1228 2655 1384 2720 vocabulo

209 2784 272 2827 non
303 2763 380 2827 satis
407 2763 536 2848 antiquo
563 2760 696 2848 insignis
719 2771 812 2827 esset
858 2762 1050 2848 Bernaysius
1073 2784 1200 2827 versum
1223 2762 1312 2826 uncis
1336 2765 1385 2826 in-

208 2870 310 2934 clusit
344 2867 426 2933 lnde
449 2869 651 2954 aBernaysii
674 2876 776 2933 aetate
801 2891 918 2950 omnes,
942 2869 996 2953 qui
1019 2869 1059 2934 de
1074 2869 1135 2933 hoc
1150 2870 1219 2934 loco
1243 2879 1385 2954 egerunt,

209 2977 270 3041 viri
300 2975 386 3040 docti
392 3024 401 3055 ,
431 2997 511 3060 quos
541 2974 667 3060 quidem
691 2975 847 3056 noverim,
876 2983 1001 3062 praeter
1024 2975 1060 3040 O.
1083 2975 1298 3061 Wolffium‘q,
1329 2978 1383 3062 qui

208 3082 411 3147 Lachmanno
444 3080 667 3168 adstipulatur,
701 3104 828 3146 versum
861 3081 1052 3146 servandum
1085 3105 1155 3147 esse
1187 3085 1246 3147 rati
1279 3083 1384 3148 varias

208 3189 404 3255 coniecturas
433 3188 640 3275 protulerunt.
685 3189 803 3252 Munro
834 3188 930 3274 igitur
960 3189 1069 3253 scribit
1097 3190 1225 3274 aliquoi
1250 3191 1296 3254 stt
1324 3213 1383 3277 pro

209 3297 353 3381 alioqui,
378 3317 458 3381 quae
481 3296 660 3360 coniectura
682 3303 901 3382 praeterquam
917 3295 1003 3381 quod
1026 3297 1152 3380 alloqui
1174 3295 1273 3360 deleri
1295 3297 1384 3361 nullo

208 3403 302 3468 modo
317 3403 400 3484 licet,
423 3404 450 3467 si
466 3403 656 3467 sententiam
671 3402 804 3489 respicis
820 3403 913 3492 nimis
930 3425 1165 3489 supervacanea
1180 3411 1213 3468 et
1235 3403 1385 3488 languida

208 3517 265 3574 est
303 3507 427 3574 Eodem
449 3508 544 3574 modo
563 3509 644 3574 male
667 3509 852 3595 particulam
875 3511 1001 3594 alioqui
1024 3508 1144 3575 delevit
1164 3509 1384 3594 Goebeliusssl,

209 3617 262 3703 qui
284 3617 347 3702 legi
370 3616 455 3681 vult:

347 3723 526 3787 incolumis
549 3724 702 3808 quamuis
726 3725 901 3808 linquatur
923 3724 1116 3808 splendidas
1139 3725 1236 3789 orbis

316 3937 335 4004 1)
355 3935 568 3991 Observationes
587 3937 697 3991 criticae
716 3955 742 4007 p.
762 3939 796 3991 35
816 3953 855 4006 sq.
876 3959 910 3985 =
929 3936 1031 4007 Opusc.
1051 3937 1065 3990 I
1085 3955 1112 4008 p.
1133 3939 1184 3993 108
1202 3955 1242 4008 sq.

316 4025 335 4094 2)
356 4024 399 4078 De
414 4025 534 4080 Lucretii
548 4026 689 4080 vocabulis
703 4025 898 4096 singularibus,
912 4026 976 4080 diss.
992 4027 1094 4097 inaug,
1109 4027 1201 4081 Halae
1216 4029 1285 4082 1878
1300 4045 1327 4098 p.
1339 4029 1380 4085 39.

316 4115 335 4183 Π)
355 4114 435 4169 Obss.
455 4133 481 4185 p.
502 4116 543 4170 30.
