2978 4822
630 269 670 332 37

67 469 140 546 240,
163 468 237 544 449,
258 467 385 546 10601),
411 465 511 544 1167;
534 462 589 530 VI
606 465 679 544 271,
699 465 773 544 826,
791 466 864 544 938,
881 467 955 544 984,
972 466 1057 549 12132
1069 471 1100 547 ²).
1141 465 1237 530 Prae-

65 580 151 636 terea
172 594 272 658 usque
295 570 336 635 ad
358 570 554 635 Lachmanni
576 577 713 634 aetatem
736 569 768 633 in
788 569 843 637 VI
867 572 931 635 209
954 571 1052 656 vulgo
1074 570 1237 656 legebatur

66 681 186 764 quippe
209 679 330 744 etenim
358 676 460 760 (codd.
484 678 607 763 quippe
629 678 769 761 etenim).
815 677 944 742 Lachm.
972 686 1076 742 autem
1104 679 1238 742 coniecit

66 787 149 870 3313
172 786 272 850 etiam
296 793 329 850 et
351 784 496 849 adnotat:
521 791 679 848 corrector
702 783 846 869 quadrati
869 791 994 848 etcum
1018 785 1108 850 103113
1132 808 1238 850 exem-

64 892 162 978 plaria
188 875 342 978 impressa
374 891 502 977 03333
530 891 659 956 etenim.
692 889 749 956 330
772 891 806 954 13
827 893 972 977 proximo
1001 892 1142 956 membro
1172 901 1239 958 erat

64 1003 138 1064 item
171 1001 305 1082 3033130,
339 1007 374 1063 30
405 1006 497 1084 putes
530 1020 614 1062 nuno
643 1020 770 1062 oausam
802 1019 914 1063 333333
947 998 1018 1064 0131.
1063 999 1236 1086 Fugientes

64 1107 183 1171 litteras
216 1105 334 1170 3301313
368 1104 530 1192 archetypi
559 1107 676 1169 rectius
706 1105 751 1169 ita
780 1104 977 1189 colligemus,
1015 1106 1106 1184 outa
1137 1109 1238 1172 etium

64 1215 151 1278 solis,
199 1214 324 1296 „cubes
347 1233 424 1277 cum
446 1217 572 1278 actura
593 1233 657 1276 333
679 1213 809 1276 semina
835 1212 924 1296 13303
952 1215 1133 1296 contineat,
1166 1221 1237 1279 tum

64 1322 131 1386 3113
155 1343 177 1385 3
201 1312 327 1384 lumine
349 1320 427 1384 33103
450 1319 675 1405 3333130330.α
719 1319 923 1384 Iaohmanno
951 1319 1134 1407 adstipulati
1164 1329 1239 1386 3330

64 1428 156 1492 Β333.
180 1436 214 1492 30
235 1427 362 1492 Μ3333.
408 1426 649 1491 Bockemueller
671 1448 748 1491 vero
776 1434 812 1490 ut
838 1434 945 1492 servet
972 1427 1094 1514 quippe
1117 1429 1238 1494 etenim

63 1557 118 1620 pro
142 1533 328 1621 pronomine
350 1534 442 1618 ipsus
465 1533 497 1597 in
520 1557 551 1598 v.
568 1535 631 1598 206
657 1534 767 1599 scribit
788 1534 871 1598 03033
894 1542 1116 1620 praetereaque
1140 1534 1238 1600 verba

65 1643 183 1706 etenim
215 1663 292 1706 eum
323 1647 405 1705 3330
436 1680 478 1689 -
512 1641 584 1705 ollis
618 1644 658 1723 (v.
683 1643 746 1705 207
781 1645 837 1727 sq.)
867 1641 898 1705 in
929 1641 1109 1727 parenthesi
1139 1642 1236 1728 ponit.

65 1747 126 1812 Sed
154 1757 277 1812 tantum
305 1747 397 1812 30330
424 1755 459 1812 30
485 1747 544 1812 033
575 1747 636 1812 1331
666 1747 798 1812 3333301
828 1749 899 1812 viae
929 1770 966 1812 33
993 1749 1130 1814 33013333
1160 1749 1237 1813 mihi

66 1855 236 1940 probentur
258 1864 294 1920 30
309 1878 340 1919 v.
355 1878 385 1919 v.
403 1857 467 1920 209
486 1864 519 1920 30
538 1857 602 1920 210
626 1853 779 1920 03133033
803 1877 872 1920 3333
895 1877 1050 1922 censeam.
1095 1856 1238 1920 Primum

66 1963 144 2026 enim
169 1961 232 2026 duo
255 1962 301 2026 1111
317 1963 435 2027 'versus
459 1962 536 2026 33013
560 1962 785 2048 supervacanei
809 1970 883 2026 sunt
906 1969 938 2026 30
960 1985 1060 2049 33333
1088 1964 1160 2049 plus
1188 1986 1237 2027 ar-

65 2070 330 2153 gumentationem
364 2069 604 2155 interrumpunt
648 2069 742 2133 Dixit
775 2070 859 2133 enim
892 2078 969 2155 poet
1002 2091 1133 2134 3333333
1167 2092 1237 2135 3333

66 2176 163 2241 33033
197 2178 284 2262 ipsas
316 2176 471 2262 permulta
504 2178 586 2262 ignis
620 2176 741 2240 semina
774 2178 807 2240 in
839 2198 874 2240 33
906 2175 1021 2241 030333
1051 2176 1236 2262 addiditque

66 2305 189 2348 oausam
212 2306 269 2348 cur
291 2282 324 2347 id
347 2283 447 2347 conici
471 2284 573 2348 113330
619 2287 659 2366 (v.
684 2286 747 2349 207
773 2289 829 2369 33.)
874 2282 969 2348 Nunc
999 2292 1035 2347 30
1058 2283 1164 2347 statim
1188 2306 1237 2349 33-

66 2399 178 2475 quatur
204 2391 374 2471 sententia,
404 2413 497 2475 quam
528 2392 561 2455 in
583 2415 614 2457 v.
639 2394 700 2455 211
727 2413 794 2477 sqq.
817 2391 964 2477 legimus,
986 2391 1047 2455 loci
1070 2391 1236 2456 consilium

65 2497 212 2582 postulat.
275 2495 388 2583 Neque
423 2499 506 2562 enim
540 2498 591 2562 hio
626 2497 797 2584 quidquam
832 2498 963 2563 interest
997 2505 1102 2562 utrum
1136 2498 1236 2563 nubes

64 2613 188 2689 praeter
217 2626 255 2669 ea
284 2605 404 2669 semina
434 2605 530 2690 13313,
559 2627 639 2691 3333
663 2613 774 2670 330333
797 2627 855 2669 333
876 2604 1006 2684 030330,
1036 2605 1137 2669 31133
1161 2605 1237 2670 33113

64 2710 158 2776 330113
182 2710 355 2796 ardoreque
379 2733 487 2776 eorum
511 2711 691 2798 concipiant
714 2733 820 2776 necne.
866 2710 949 2775 Nam
972 2710 1006 2775 id
1025 2711 1127 2775 solum
1142 2720 1237 2798 poeta

65 2817 188 2882 efficere
212 2818 320 2882 studet
342 2840 380 2883 33
401 2841 527 2905 333333
551 2817 590 2883 03
614 2841 709 2883 causa
731 2818 839 2904 fulgur
853 2818 1029 2903 03313330,
1052 2818 1107 2882 ubi
1122 2827 1237 2884 ventus

65 2925 162 2990 nubes
185 2947 282 2989 unum
304 2925 337 2989 13
359 2925 463 2990 locum
482 2948 597 3011 cogens
614 2926 806 2990 contruserit
820 2927 1114 3012 compresseritque,
1136 2925 1237 2990 nubes

65 3032 183 3096 semina
206 3032 312 3118 ignea,
339 3054 419 3118 quae
448 3035 536 3119 ipsae
559 3029 755 3114 contineant,
777 3032 978 3119 profundant.
1024 3031 1137 3118 Neque
1164 3033 1238 3097 huio

67 3139 241 3204 sententiae
264 3162 352 3204 meae
376 3140 481 3205 obstat
504 3162 676 3226 pronomen
694 3141 787 3226 ipsos
805 3140 836 3204 in
853 3163 883 3204 v.
901 3142 974 3204 206.
1020 3139 1133 3209 Verba
1156 3140 1237 3204 enim

65 3249 165 3310 cubes
194 3247 286 3331 ipsas
315 3249 348 3310 in
371 3270 402 3311 v.
426 3249 489 3311 206
521 3247 648 3312 minime
679 3247 825 3332 opposita
855 3255 929 3311 sunt
957 3246 1064 3311 verbis
1094 3269 1174 3332 quae
1204 3247 1237 3310 in

66 3375 92 3416 v.
116 3356 181 3419 209
206 3375 251 3438 sq.
273 3354 434 3438 leguntur,
464 3361 500 3417 ut
528 3360 641 3440 putant
671 3352 823 3433 30103333,
854 3353 911 3418 330
940 3354 1078 3439 ipsarum
1107 3353 1236 3417 nubium

64 3459 144 3542 13313
168 3465 208 3542 (v.
225 3463 412 3543 203-206)
436 3462 602 3547 oppositus
626 3469 676 3525 330
698 3460 763 3544 igni
779 3483 797 3524 3
812 3459 942 3524 nubium
966 3481 1119 3524 concursu
1142 3467 1237 3544 atque

66 3567 211 3631 conflictu
241 3590 374 3632 excusso
403 3572 443 3651 (v.
470 3570 532 3632 160
556 3573 634 3653 333.)
665 3575 698 3631 30
728 3567 793 3652 igni
817 3568 918 3648 venti,
947 3568 1001 3652 qui
1024 3568 1057 3631 in
1080 3566 1179 3631 33033
1204 3589 1238 3631 33

66 3674 270 3740 insinuaverit
292 3675 398 3761 ibique
421 3674 565 3740 fervidus
588 3674 689 3739 factus
714 3674 756 3738 sit
779 3679 819 3758 (v.
840 3676 902 3739 172
927 3679 1014 3760 333).
1038 3713 1080 3722 -
1103 3672 1239 3738 Accedit

171 3943 191 4010 ¹)
211 3941 383 4009 Quadratus,
402 3940 557 4011 Oblongus,
575 3941 754 3996 Victorianus
772 3942 826 3996 hoo
845 3943 905 3996 loco
919 3941 1024 3996 habent
1043 3943 1141 4010 quippe
1155 3942 1236 3999 33133,

66 4034 94 4081 30
111 4031 193 4085 docet
211 4032 242 4085 E.
262 4031 411 4087 Goebelius
431 4031 513 4099 (Μ33.
534 4030 661 4085 Rhenan.
684 4033 753 4086 1860
771 4049 798 4101 p.
818 4032 890 4100 414).

169 4121 189 4190 ²)
210 4121 254 4175 De
274 4120 357 4175 huius
377 4121 430 4175 loci
445 4121 630 4192 explicatione
649 4121 828 4175 conferantur
846 4138 917 4193 3333
931 4121 1034 4175 Μ3333
1052 4119 1202 4174 adnotavit.
