2978 4822
151 1291 222 1403 lle
259 1289 539 1428 particulis
578 1290 763 1428 quibus
801 1291 1189 1430 coniunguntur

334 1468 619 1583 sententiae
659 1459 999 1584 coordinatae.

327 1975 348 2062 5
380 1971 410 2043 1.
465 1970 523 2043 De
549 1969 733 2068 particulis
762 1970 1004 2044 adversativis

484 2164 511 2228 1.
533 2161 586 2227 De
608 2162 762 2248 particula
783 2162 848 2227 sed.
941 2238 943 2243 .

187 2327 216 2405 a)
247 2322 327 2388 Eius
360 2345 436 2388 usus
468 2322 641 2410 particulae
672 2325 744 2406 sed,
782 2345 844 2408 quo
882 2321 963 2388 duae
996 2323 1169 2387 sententiae
1202 2323 1254 2388 vel

78 2431 226 2495 notiones
255 2432 376 2495 ratione
405 2430 563 2496 contraria
589 2430 672 2496 inter
695 2452 730 2495 se
752 2437 926 2516 ponuntur,
959 2429 1103 2516 exempla
1132 2428 1254 2516 adferre

78 2535 281 2624 supersedeo.

187 2644 219 2729 b)
242 2644 278 2710 P.
301 2645 479 2710 sceleratio
510 2643 707 2731 digressione
737 2644 912 2729 interrupta
940 2642 1172 2729 redintegratur
1201 2652 1256 2708 aut

79 2752 143 2816 alia
173 2751 348 2816 instituitur
377 2752 520 2838 quaestio
550 2749 640 2817 velut
666 2750 685 2814 Ι
714 2753 780 2816 418
818 2751 885 2836 (sed
917 2771 1009 2814 accae
1040 2755 1081 2815 111
1110 2755 1255 2835 repetam

79 2864 230 2945 coeptam
249 2866 415 2945 perterrere
438 2859 535 2923 dictis
560 2909 567 2923 .
596 2859 640 2944 .)‚·
672 2861 733 2924 951
764 2857 833 2944 (sed
854 2857 1013 2944 quostiam
1037 2857 1135 2922 clocca⁸
1159 2908 1166 2922 .
1195 2908 1201 2922 .
1230 2908 1254 2939 .,

79 2987 253 3050 nuacope
278 3017 284 3031 .
313 2967 354 3052 .);
377 2964 432 3033 IV
458 2967 538 3047 926;
561 2964 597 3033 V
623 2967 695 3031 146.
776 3021 778 3025 .

189 3077 216 3157 c)
246 3072 437 3138 Coniunctio
466 3074 522 3138 sed
552 3078 677 3155 tamea,
708 3094 770 3157 qua
799 3071 984 3158 plerumque
1014 3070 1171 3136 sententia
1201 3070 1256 3151 eis,

80 3202 163 3266 quae
194 3177 398 3261 antecedunt,
430 3179 671 3266 constringitur,
702 3177 916 3265 compluribus
948 3178 1026 3243 locis
1058 3176 1256 3242 Lucretianis

81 3288 197 3372 legitur
218 3295 255 3351 ut
276 3286 295 3350 Ι
318 3290 399 3368 833;
427 3286 464 3350 Π
488 3290 562 3368 541,
587 3289 666 3367 907,
695 3285 752 3350 ΙΠ
776 3287 850 3366 261,
876 3288 954 3365 733;
976 3284 1032 3353 IV
1056 3286 1131 3365 687,
1156 3285 1257 3364 1163,

81 3393 119 3462 V
144 3397 216 3459 104.
250 3393 325 3459 Duo
350 3394 400 3459 vel
418 3395 484 3468 ,tria
507 3393 661 3460 vocabula
683 3391 883 3457 intercedunt
904 3391 1003 3457 Ι140
1033 3391 1102 3476 (sed
1125 3397 1183 3455 lae
1205 3413 1257 3455 me

82 3501 190 3566 cirtae
214 3507 325 3566 tamea
348 3506 405 3584 ..);
429 3504 494 3567 498
523 3502 591 3586 (secl
613 3500 694 3586 pella
717 3520 795 3564 cero
819 3504 929 3564 tameo
951 3498 1086 3562 rotie..
1107 3497 1258 3582 009111.

190 3608 221 3692 d)
252 3608 316 3674 sea
338 3610 444 3693 mapls
474 3607 557 3672 idem
586 3605 771 3692 significans
801 3612 895 3690 atque
925 3607 981 3670 sed
1006 3605 1121 3689 pollue
1150 3604 1258 3670 inveni

81 3715 199 3796 Ι481,
230 3717 310 3795 612,
342 3715 379 3779 Π
404 3718 455 3795 97,
485 3717 561 3793 428,
591 3716 666 3794 869,
698 3715 794 3794 1041,
826 3714 911 3778 1086
950 3712 1018 3797 (sed
1047 3750 1089 3760 —
1119 3711 1256 3796 anapia),-

82 3822 139 3886 ΠΙ
164 3824 237 3904 126,
261 3824 335 3903 612,
353 3825 417 3888 980
425 3846 434 3904 ;
457 3821 513 3890 IV
530 3823 610 3902 2603
634 3820 669 3889 V
687 3823 761 3900 980,
786 3823 869 3885 1201
901 3821 968 3906 (secl
982 3811 1101 3904 osope).
1139 3817 1259 3883 Contra

82 3932 198 4016 legitur
220 3932 276 3995 sed
294 3930 409 4016 polias
430 3928 450 3992 Ι
474 3932 537 3994 942
555 3954 595 3989 =
618 3926 674 3995 IV
699 3930 738 3992 17
748 3951 757 4008 3
780 3926 835 3996 IV
859 3930 934 4008 835,
959 3927 1060 4006 1066;
1083 3923 1138 3994 VI
1163 3925 1258 3989 1163.

190 4041 219 4121 e)
245 4037 309 4104 Sed
331 4037 430 4119 caim,
454 4059 534 4124 quae
557 4035 676 4102 locutio
699 4034 784 4123 apud
799 4042 911 4121 poetae
927 4055 990 4098 non
1006 4055 1075 4097 rara
1089 4031 1259 4110 invenitur,

83 4145 170 4234 apud
192 4145 376 4211 Lucretium
398 4145 517 4210 frustra
539 4166 680 4231 quaeres
