2978 4822
1464 129 1468 228 l

839 333 886 395 '28
1468 308 1469 384 l

280 527 439 612 spatium.
489 530 575 592 1019
599 527 772 610 (stce'adco
787 527 926 612 potius);
950 524 1006 593 IV
1019 528 1083 590 354
1107 526 1185 609 (siria
1200 525 1301 590 ettam
1311 526 1447 611 pottaa);
1469 570 1470 599 ,

281 633 336 701 VI
372 636 466 698 1001.
521 631 663 720 Simplex
696 633 764 698 siae
799 655 913 698 sonans
949 633 1024 698 ader
1055 653 1154 698 wana
1187 631 1285 697 habes
1319 631 1338 696 I
1374 634 1448 712 8615

279 738 433 820 111133,
452 743 516 805 554
540 741 618 822 (siue
641 780 683 788 —
703 741 831 827 potius)
855 738 1004 805 Plurimis
1027 739 1105 805 locis
1127 763 1165 806 ac
1187 740 1376 827 praecertim
1401 742 1448 818 eis,

281 847 395 932 quibus
418 847 533 932 legitur
554 848 623 912 sice
640 848 766 932 potius,
789 848 858 912 stoc
881 848 981 912 ettam
999 848 1124 932 potira,
1147 845 1216 912 sice
1239 847 1317 912 adeo
1335 848 1448 931 potiar

280 977 311 1039 p.
333 955 401 1018 save
431 956 588 1019 sententia
615 962 707 1020 antea
733 955 856 1043 prolata
882 954 972 1040 quasi
999 954 1165 1040 corrigitur
1194 962 1249 1018 aut
1278 955 1448 1018 accuratius

281 1061 474 1146 exprimitur.
1004 1053 1008 1060 ⁸
1471 1094 1472 1144 p

387 1168 419 1254 b)
456 1168 532 1234 Sica
565 1207 606 1216 -
638 1170 707 1234 siue
740 1169 872 1255 legimus
907 1167 926 1232 I
956 1171 1036 1249 9775
1069 1167 1126 1232 HI
1156 1171 1236 1249 2513
1268 1167 1323 1236 IV
1354 1170 1450 1247 1224;

281 1274 318 1343 V
331 1278 412 1356 5743
435 1275 490 1343 VI
515 1278 609 1341 1016.

389 1387 417 1468 0)
443 1384 519 1449 Siva
542 1423 584 1432 —
607 1405 666 1449 sca
685 1387 793 1448 'exstat
814 1381 871 1446 III
895 1386 976 1463 519;
998 1382 1054 1451 IV
1079 1386 1174 1449 1045.

388 1489 420 1576 d)
446 1491 513 1556 Sca
535 1530 577 1540 -
600 1513 659 1557 sea
680 1491 795 1575 legitur
817 1490 872 1560 VI
896 1493 947 1556 31.
1472 1483 1473 1504 .

389 1604 416 1684 e)
442 1598 519 1664 Sica
542 1638 584 1647 -
608 1599 676 1663 stac
699 1637 741 1645 —
764 1599 833 1664 sinc
855 1598 1010 1685 reperitur
1031 1598 1069 1667 V
1093 1600 1166 1663 519.

388 1704 418 1789 f)
444 1705 511 1770 Sca
533 1745 575 1753 —
599 1707 668 1771 siue
695 1707 807 1791 (qaod)
836 1746 877 1755 —
907 1706 976 1770 stoc
998 1707 1109 1791 (qaod)
1134 1746 1175 1753 —
1205 1707 1274 1770 sice
1295 1704 1452 1769 invenitur

283 1813 319 1880 V
344 1815 438 1877 1242.

343 2251 363 2338 ἐ
393 2248 426 2320 3.
480 2247 538 2320 Ι)5
565 2247 747 2344 particulis
775 2246 975 2320 causalibus
1002 2272 1103 2330 aaut,
1133 2244 1233 2318 caira
1260 2245 1393 2318 ceteris.
1475 2235 1476 2240 ἵ

660 2495 687 2557 1.
710 2492 762 2557 Ι)5
781 2491 935 2578 particula
956 2513 1048 2557 aum.
1061 2495 1084 2577 1)

391 2658 419 2738 a)
442 2652 478 2717 P.
501 2675 583 2718 nam
605 2654 699 2739 longe
722 2652 864 2740 plurimis
887 2651 966 2717 locis
981 2650 1122 2718 adhibita
1138 2659 1187 2717 est
1205 2658 1260 2716 aut
1274 2649 1317 2716 ad
1331 2674 1456 2717 oausam

284 2759 488 2824 adferendam
524 2768 579 2824 aut
614 2759 654 2825 ad
685 2761 928 2847 explicationem
962 2758 1181 2824 inducendam.
1234 2757 1456 2845 Compluribus

284 2868 362 2931 locis
386 2890 416 2953 p.
439 2889 520 2931 acm
550 2868 618 2932 sine
648 2870 731 2933 iusta
760 2889 855 2932 causa
884 2866 924 2932 ab
948 2865 1122 2932 editoribus
1152 2873 1208 2930 aut
1234 2865 1457 2952 interpretibus

285 2996 303 3038 5
327 2981 440 3060 poetae
472 2974 577 3039 verbis
607 2973 712 3039 deleta
740 2983 797 3039 est.
842 2974 982 3039 Primum
1008 2972 1142 3038 offendit
1164 2971 1406 3037 Bockemueller
1428 2975 1458 3037 in

285 3105 315 3167 p.
338 3102 419 3146 nam
449 3081 482 3144 in
511 3079 529 3144 Ι
555 3083 594 3146 10
624 3089 711 3146 ratus
735 3080 808 3146 inde
832 3103 903 3146 av.
929 3084 969 3146 10
993 3081 1101 3145 inferri
1124 3102 1240 3145 novam
1263 3080 1458 3144 sententiam.

284 3187 398 3273 Itaque
425 3210 483 3274 pro
511 3210 592 3253 aum
622 3189 758 3254 coniecit
787 3189 867 3254 iam.
915 3187 963 3252 At
991 3210 1062 3252 meo
1091 3187 1207 3252 iudicio
1231 3185 1459 3250 nihilomnino

285 3294 469 3359 mutandum
493 3303 550 3360 est.
596 3294 697 3360 Poeta
719 3297 803 3360 enim
826 3295 940 3360 almam
961 3295 1133 3375 Venerem,
1155 3293 1342 3359 Aeneadum
1364 3315 1460 3378 gene-

285 3401 408 3483 tricem,
437 3402 599 3467 hominum
630 3401 799 3489 divomque
830 3403 1025 3489 voluptatem
1054 3409 1221 3488 postquam
1244 3401 1408 3466 invocavit
1430 3409 1461 3464 et

285 3509 457 3596 appellavit
478 3509 580 3588 deam,
602 3532 659 3596 per
682 3532 776 3595 quam
798 3531 897 3595 genus
918 3531 1010 3574 omne
1025 3510 1219 3572 animantum
1234 3507 1461 3594 conciperetur,

286 3614 360 3680 inde
391 3639 411 3680 a
442 3619 515 3681 v.6
550 3615 683 3682 eandem
714 3617 877 3683 Venerem
910 3637 1017 3681 veram
1051 3616 1135 3681 veris
1168 3614 1259 3679 deam
1291 3612 1462 3700 praedicat.

285 3721 389 3786 Addit
411 3720 527 3788 deinde
550 3744 613 3789 av.
632 3727 672 3790 10
696 3746 806 3789 causas
830 3746 886 3788 cur
900 3723 1016 3792 Venus
1035 3724 1147 3788 merito
1163 3724 1247 3788 veris
1271 3720 1331 3786 dea
1353 3720 1463 3807 appel-

285 3829 383 3894 letur:
407 3851 489 3895 nara
507 3832 649 3896 simulac
670 3833 792 3916 spectas
810 3831 1012 3918 patefactast
1033 3851 1136 3895 verna
1158 3829 1224 3894 atet
1250 3881 1256 3894 .
1285 3881 1291 3893 .
1320 3880 1326 3893 .
1353 3829 1463 3892 atltae

282 3938 436 4025 paucam
464 3941 608 4006 colamus
640 3946 682 4023 tc,
715 3940 808 4022 diua,
842 3944 1001 4023 tuamque
1028 3938 1224 4022 siyaificaat
1251 3936 1378 4002 initam
1403 3943 1464 4001 cet.

395 4175 414 4243 ¹)
433 4173 464 4227 P.
483 4192 550 4229 acm
569 4173 644 4244 apud
664 4172 825 4227 Lucretium
843 4189 981 4244 nusquam
1000 4176 1065 4226 ante
1085 4169 1207 4226 vocalem
1227 4169 1374 4224 invenitur.
