2978 4822
811 261 851 325 16

246 456 376 523 ferenda
401 464 450 523 est
464 456 536 523 ideo
559 455 646 543 quod
661 458 817 522 sententia
831 457 892 522 loci
909 479 976 521 eam
993 455 1111 520 abnuit.
1146 453 1319 520 Continent
1334 453 1423 518 enirn

247 589 307 632 v.v.
325 568 410 630 1152
435 571 467 630 et
484 567 569 630 1153
594 564 834 651 explicationem
857 586 968 630 versus
993 563 1157 629 115116.
1181 562 1306 648 signum
1324 561 1422 625 laban

245 674 324 738 tium
341 674 426 738 vitae
455 672 671 737 claustrorum.
723 670 847 736 Eodem
876 669 971 735 modo
1001 670 1068 734 sine
1098 671 1181 734 iusta
1210 690 1305 735 causa
1334 667 1421 732 idem

247 781 296 846 vir
318 778 432 844 doctus
456 777 588 844 offendit
611 779 643 842 in
666 801 697 865 p.
720 800 794 844 ocro
817 779 849 842 in
873 773 911 842 Π
934 781 997 842 652
1010 781 1042 860 ¹).

358 886 496 964 Quidem
520 907 603 978 bero,
627 907 707 971 quae
723 885 903 951 coniunctio
919 885 1078 949 rarissima
1094 891 1152 964 est,
1167 881 1282 968 legitur
1297 881 1316 946 I
1333 884 1420 947 1001

247 1015 342 1060 omae
372 993 506 1079 quidem
523 979 608 1059 ¹aero
637 994 691 1058 ab
719 999 766 1058 est
795 975 883 1078 qaod
911 977 1015 1076 liciat
1043 980 1153 1072 6661666
1182 990 1221 1054 H
1244 993 1307 1055 652
1333 995 1423 1054 terro

247 1102 379 1186 quidem
406 1122 480 1166 vcro
510 1101 713 1166 corsiciani
737 1106 878 1184 tempore
900 1121 1009 1164 sensu.
1057 1098 1226 1164 Praeterea
1245 1120 1266 1162 6
1289 1096 1422 1162 Marulli

246 1207 434 1288 coniectura,
457 1229 550 1293 quam
573 1205 692 1271 Munro
714 1207 746 1270 in
770 1215 883 1293 poetae
911 1206 1008 1273 verba
1034 1208 1163 1292 recepit,
1190 1206 1322 1289 quidem
1345 1225 1422 1268 cero

246 1315 361 1400 legitur
383 1314 420 1383 V
437 1317 501 1379 898
512 1319 545 1398 2).
1057 1367 1059 1373 ,

354 1420 458 1487 Semel
486 1422 518 1486 in
545 1423 800 1506 interrogatione,
826 1443 907 1507 6666
932 1429 981 1486 est
1005 1420 1206 1507 indignantis,
1233 1418 1421 1508 particulam

247 1551 321 1594 bero
343 1528 455 1594 habes:
478 1528 535 1593 HI
552 1531 637 1594 1043
660 1531 709 1614 (ta
724 1550 799 1593 cero
814 1529 981 1593 dubitabis
1004 1534 1034 1594 61
1050 1527 1264 1612 iadiyoabere
1279 1527 1419 1610 obire?).

354 1634 452 1714 Quod
481 1638 595 1700 attinet
624 1634 665 1712 ad
694 1635 933 1701 collocationem
962 1658 993 1722 p.
1023 1657 1097 1708 bero
1126 1632 1211 1721 apud
1237 1633 1421 1700 Lucretium

246 1743 431 1830 plerumque
454 1741 626 1807 secundum
645 1741 750 1806 locum
772 1743 894 1807 obtinet
916 1741 953 1806 Π
970 1744 1033 1808 593
1043 1766 1052 1822 ;
1075 1740 1251 1822 IH1043;
1274 1740 1330 1810 IV
1347 1743 1422 1820 379,

248 1852 440 1931 62⁶,11593
461 1848 516 1919 VI
530 1852 593 1915 178
609 1857 663 1914 661
678 1850 806 1915 tertium
821 1849 877 1913 111
893 1852 970 1930 950;
989 1848 1044 1919 IV
1059 1851 1154 1931 1686,
1172 1850 1272 1928 1134;
1291 1847 1327 1917 V
1341 1849 1422 1926 1793

249 1957 302 2025 VI
320 1959 416 2038 1151,
441 1959 526 2022 1188
534 1981 544 2038 ;
571 1965 717 2042 quartum
739 1957 842 2022 locum
865 1964 953 2022 tenet
976 1955 1125 2037 171971,
1150 1957 1253 2036 1166;
1276 1954 1423 2040 quintum

247 2062 383 2149 denique
398 2065 501 2128 locum
519 2064 641 2130 obtinet
655 2063 711 2128 ΙΠ
725 2067 810 2130 1669
828 2064 999 2152 (Cerberus
1011 2070 1042 2129 61
1053 2063 1178 2128 Fabiae
1189 2064 1261 2128 idm
1272 2082 1346 2128 cero
1362 2110 1371 2126 .
1388 2063 1422 2146 .).

353 2170 534 2257 Adiungam
549 2171 601 2236 hio
617 2171 781 2236 formulam
796 2193 865 2236 aod
879 2173 987 2237 solum
1002 2172 1114 2235 -sed
1128 2171 1228 2235 etiem
1244 2177 1277 2235 61
1292 2169 1422 2234 similes.

247 2276 413 2343 Eiusmodi
436 2277 641 2342 formularum
663 2300 839 2365 perpaucae
862 2285 984 2342 tantum
1008 2284 1134 2342 exstant
1156 2283 1190 2342 et
1212 2299 1270 2352 666
1283 2275 1423 2366 quidem,

247 2407 327 2470 quae
354 2393 410 2449 661
435 2385 593 2449 rarissime
623 2393 678 2449 aut
707 2387 834 2448 omnino
863 2407 927 2449 non
956 2385 1169 2461 inveniantur,x
1186 2383 1270 2472 apud
1298 2391 1422 2452 ceteros

248 2491 417 2578 scriptores
440 2490 663 2556 Romanorum.
708 2491 797 2557 Usus
821 2499 871 2557 est
892 2491 1105 2579 igiturpoeta
1122 2491 1269 2562 ,formulis
1292 2491 1356 2557 his:

354 2619 423 2663 ooo
453 2649 459 2663 .
492 2650 499 2663 .
531 2600 638 2664 soloin
669 2639 710 2648 —
740 2600 805 2664 sed.
865 2598 898 2664 Si
934 2601 968 2663 in
997 2601 1168 2681 sententia,
1200 2621 1280 2686 quae
1310 2623 1341 2686 p.
1365 2600 1426 2664 sed

247 2703 415 2786 inducitur,
438 2706 608 2792 particulae
632 2707 732 2771 etiam
754 2704 806 2771 vel
830 2727 957 2792 6666666
976 2709 1171 2788 omittuntur,
1195 2728 1424 2794 saepenumero

247 2834 298 2877 res
328 2813 373 2876 ita
402 2834 437 2878 se
466 2812 562 2878 habet
591 2822 628 2878 61
655 2814 689 2878 16
719 2813 874 2879 eiusmodi
904 2815 1069 2879 sententiis
1099 2813 1218 2900 aliquid
1242 2814 1342 2880 maius
1366 2821 1426 2878 aut

247 2920 375 3006 gravius
390 2920 577 3006 proferatur.
614 2921 722 2999 Quare
738 2922 771 2985 in
787 2921 953 2986 sententiis
972 2922 1017 2986 ita
1032 2921 1220 3008 comparatis
1236 2920 1425 3009 plerumque

248 3027 466 3108 inveniuntur,
495 3027 643 3113 equibus
666 3034 817 3114 appareat
845 3051 864 3092 a
893 3049 927 3104 re
956 3029 1076 3095 minore
1105 3028 1147 3093 ad
1175 3028 1325 3093 maiorem
1353 3050 1427 3094 rem

248 3132 385 3199 ascendi.
429 3133 482 3198 Ita
507 3131 637 3222 ¹quidem
668 3133 753 3220 apud
775 3134 957 3211 Lucretium
987 3158 1053 3200 rem
1085 3158 1119 3201 se
1143 3135 1259 3207 habere
1281 3136 1427 3202 locorum

248 3243 329 3304 ratio
356 3239 552 3306 demonstrat
568 3240 616 3305 fl
640 3244 702 3306 727
734 3245 828 3326 (6666
856 3263 926 3307 aoa
955 3244 1119 3308 animalia
1147 3244 1255 3308 sobam
1285 3262 1430 3328 corpora

247 3348 442 3432 6616666661,
470 3349 527 3413 sed
554 3355 658 3413 terras
685 3371 723 3414 66
745 3370 836 3414 more
865 3356 969 3415 161666
991 3356 1167 3416 6666666661
1188 3353 1378 3436 caelareque
1402 3375 1430 3418 α

250 3456 346 3519 terris
369 3476 464 3520 omae
486 3457 684 3540 retentant);
708 3455 765 3520 III
783 3458 845 3521 986
872 3458 1119 3543 (6616666616
1133 3479 1250 3524 666666
1265 3459 1431 3544 dispessis
1475 3519 1476 3532 ,

247 3561 363 3645 169666
386 3562 542 3628 membris
565 3564 721 3649 opticeat,
745 3565 801 3628 sed
823 3565 884 3649 qui
906 3565 1008 3631 terrai
1031 3566 1132 3631 totius
1155 3566 1264 3631 orbem
1290 3617 1296 3632 .
1325 3566 1364 3650 .).
1475 3607 1476 3646 ,

358 3759 367 3788 1

357 3757 646 3916 'iliocddpeixiribbnt
665 3851 781 3918 flamma
799 3851 907 3920 quidem
927 3868 990 3906 cam
1008 3869 1123 3922 corpora
1140 3853 1218 3922 falco
1235 3854 1342 3908 bonam
1362 3895 1368 3909 .
1391 3899 1398 3911 .
1426 3903 1433 3914 ,

249 3936 361 3992 Lacum.
381 3954 490 3993 versum
509 3939 554 3992 cui
572 3956 645 3992 unus
664 3957 712 4010 pes
731 3940 808 3995 deest
826 3942 865 3996 sic
883 3942 1018 4012 explevit:
1037 3943 1160 4012 ,61661666
1177 3945 1294 4013 flamma
1312 3945 1435 4013 quidem

249 4044 312 4080 cum
341 4044 455 4096 corpora
484 4027 562 4096 falco
587 4030 710 4097 leonaci,
742 4047 826 4102 quam
851 4031 1037 4086 coniecturam
1064 4032 1230 4103 Bemaysius
1256 4038 1284 4087 61
1309 4033 1437 4108 Brieger
1475 4079 1476 4094 ,

249 4123 419 4186 receperunt.
1282 4161 1284 4168 >
1475 4113 1476 4199 J
