2978 4822
635 293 679 359 31,

70 492 324 570 argumentorum
346 485 482 572 primum
506 488 552 551 sio
574 493 789 574 comparatum
812 493 876 552 est:
900 486 1022 552 animus
1046 487 1120 573 quia
1141 487 1241 554 multo

8 625 9 632 1
70 592 243 658 minoribus
266 593 428 680 principiis
451 593 554 659 factus
579 601 628 658 est
650 617 743 679 quam
759 616 840 680 aqua
863 602 917 658 aut
932 594 1046 659 nebule
1065 603 1120 658 aut
1137 594 1241 659 fumus

70 698 133 764 illis
156 699 250 765 rebus
274 701 367 765 citius
386 708 531 766 movetur
543 706 581 785 1);
604 704 690 787 atqui
714 701 807 766 facile
823 701 939 766 diffluit
954 723 1035 786 aqua
1051 724 1127 766 vase
1142 701 1241 766 fracto

70 813 103 869 et
132 805 246 870 nebula
276 829 324 884 ao
341 807 445 872 fumus
476 810 563 872 exitu
592 808 749 894 patefacto
779 808 871 873 facile
901 809 933 872 in
963 830 1036 872 aera
1059 807 1241 889 discedunt;

70 934 146 996 ergo
169 913 291 978 animus
315 914 408 979 etiam
432 915 519 979 ocius
543 913 731 980 diffunditur
753 916 841 979 etin
863 937 994 1002 corpora
1012 916 1114 1001 prima
1129 915 1243 980 dissol-

69 1021 157 1084 vitur
179 1019 232 1085 ubi
255 1042 295 1084 ex
318 1020 453 1086 hominis
476 1021 624 1087 membris
647 1022 786 1086 recessit.

177 1126 340 1213 Apodosis
362 1128 459 1213 igitur
481 1128 522 1193 ad
544 1129 642 1194 verba
660 1130 831 1214 principie
855 1129 1015 1213 quereiam
1041 1181 1048 1194 .
1076 1181 1082 1194 .
1112 1181 1118 1194 .
1145 1131 1243 1194 docui

68 1232 181 1318 incipit
203 1255 222 1298 a
243 1235 481 1320 particulatam
497 1236 718 1323 etpropositio
735 1236 837 1318 minor
852 1236 1024 1322 syllogismi
1044 1258 1062 1300 a
1081 1237 1241 1322 particulis

67 1361 162 1404 auree
190 1341 303 1424 igitur.
326 1345 367 1426 (v.
390 1346 476 1426 434.)
506 1343 578 1408 Hae
609 1344 781 1430 particulae
811 1365 903 1408 eene
931 1345 1036 1426 e'pe'ter
1065 1343 1165 1423 viros,
1188 1345 1241 1428 qui

66 1468 151 1510 reem
169 1445 353 1530 detendunt,
373 1449 538 1535 prohibere
555 1449 722 1534 debebant,
742 1450 908 1535 quominus
919 1473 950 1535 p.
961 1471 1042 1514 aare
1055 1448 1242 1514 servandam

67 1575 141 1617 esse
168 1562 323 1639 putarent.
374 1555 620 1622 Coniunctiones
648 1557 732 1622 enim
758 1579 838 1642 quae
864 1564 938 1621 sunt
960 1578 1052 1621 reuera
1074 1557 1180 1640 e'pe'ter
1201 1556 1241 1620 ab

67 1660 161 1723 initio
184 1663 357 1728 sententiae
381 1672 414 1728 et
437 1686 547 1728 versus
571 1665 692 1751 positae
716 1665 748 1729 in
772 1665 907 1728 carmine
930 1664 1120 1727 Lucretiano
1147 1664 1242 1746 atqui

66 1767 186 1832 valent.
231 1769 339 1847 Quare
362 1793 381 1834 a
404 1770 509 1836 verbis
532 1793 625 1836 reuco
647 1773 752 1855 e'pc'tur
774 1772 934 1855 quererere
958 1776 998 1854 (v.
1017 1774 1093 1854 434)
1117 1771 1241 1834 iteratio

66 1876 221 1959 protasis,
250 1883 286 1940 ut
314 1876 481 1942 falsissime
511 1878 623 1944 volunt
645 1879 779 1959 Munro,
802 1878 1082 1944 Winekelmannus
1110 1877 1171 1957 alii,
1194 1879 1241 1940 in·

67 1981 175 2067 cipere
205 1983 331 2048 omnino
361 2007 425 2048 non
454 1992 568 2071 potest.
615 1984 751 2049 Accedit
774 1984 859 2070 quod
883 2007 962 2070 quae
985 1985 1133 2070 leguntur
1155 1985 1186 2048 in
1211 2007 1241 2048 v.

67 2091 135 2153 434
155 2111 235 2175 sqq,
261 2090 354 2176 longe
383 2092 475 2160 aliam
505 2093 692 2156 sententiam
703 2097 726 2176 2)
750 2091 902 2179 praebent
931 2113 967 2155 ac
990 2115 1082 2176 quam
1106 2091 1184 2177 legis
1208 2093 1240 2155 in

67 2194 176 2260 verbis
200 2199 366 2284 pmrecdpe'o
389 2200 549 2284 quoniam
572 2207 630 2264 cet
664 2198 763 2277 Quod
785 2207 891 2263 autem
906 2207 1000 2284 poeta
1016 2199 1047 2261 in
1068 2220 1097 2263 v.
1113 2201 1178 2262 428
1196 2221 1241 2284 sq.

67 2301 161 2366 aliter
189 2304 348 2369 concludit
377 2313 471 2391 atque
490 2287 578 2371 locis
608 2328 627 2370 a
654 2305 813 2370 Munrone
843 2314 952 2370 contra
981 2305 1109 2370 Lachm.
1139 2305 1241 2369 allatis

67 2409 213 2492 (111203
229 2433 306 2497 sqq,
323 2415 386 2478 179
403 2435 479 2499 sqq„
497 2415 571 2496 1186)
587 2413 704 2478 nullam
721 2412 927 2478 offensionem
939 2413 1078 2499 praebet,
1094 2414 1241 2498 quoniam

66 2517 230 2581 conclusio
263 2518 295 2582 in
328 2543 357 2586 v.
387 2524 452 2585 428
478 2531 523 2606 sq.
555 2520 637 2585 facta
670 2521 864 2607 experientia
896 2521 1043 2605 vitaeque
1075 2515 1134 2584 usu
1166 2542 1242 2583 oon-

67 2623 209 2688 firmetur
237 2647 274 2690 ao
303 2627 532 2713 comprobatur.
585 2627 712 2692 Cotidie
742 2629 825 2691 enim
855 2626 964 2693 videre
989 2649 1157 2713 possumus
1180 2649 1241 2707 res,

66 2752 149 2814 quae
179 2739 289 2797 tenues
319 2741 465 2798 constent
493 2734 622 2798 minutis
652 2734 836 2820 corporibus
867 2733 960 2798 facile
990 2734 1111 2799 moveri
1142 2755 1240 2819 eaque

66 2837 109 2900 de
139 2860 173 2902 re
202 2839 306 2925 colligi
336 2841 411 2906 licet
440 2841 578 2906 animum
604 2842 741 2906 minimis
765 2841 928 2928 principiis
951 2841 1068 2905 facturn
1089 2839 1240 2906 ¹facillime

66 2952 101 3008 et
124 2945 274 3012 citissime
298 2948 426 3014 moveri.
463 2949 598 3013 Prorsus
623 2970 698 3015 vero
719 2947 858 3042 nihilad
877 2949 1006 3013 Iaohm.
1029 2948 1239 3012 coniecturam

64 3051 299 3138 infringendam
327 3056 414 3120 valet
439 3055 495 3123 IV
517 3060 557 3120 52
579 3078 655 3142 sqq,
678 3078 772 3141 quem
795 3056 899 3121 locum
922 3056 1040 3120 Munro
1065 3064 1097 3120 et
1119 3055 1240 3118 Pollius
1288 3039 1293 3048 ⁶

65 3158 119 3241 (de
142 3168 198 3224 art
216 3183 304 3226 voco.
326 3185 357 3248 p.
374 3166 426 3246 55)
451 3163 585 3227 similem
600 3163 769 3249 appellant,
784 3186 855 3227 cum
870 3186 904 3226 re
920 3183 996 3229 vera
1011 3161 1239 3226 dissimillimus

178 3341 196 3404 ¹)
216 3341 299 3394 Hanc
327 3342 595 3411 argumentationem
623 3341 806 3396 Susamihlius
836 3341 869 3409 (l.
889 3345 927 3409 e.)
956 3340 1078 3410 appellat
1106 3340 1240 3394 circulum

65 3427 207 3495 vitiosum,
225 3447 306 3499 quem
325 3436 426 3484 vocant
445 3431 534 3500 logici.
571 3433 658 3486 Vetat
677 3431 762 3500 igitur
781 3431 822 3484 vir
840 3429 938 3483 doctus
957 3436 1068 3499 poetam
1095 3446 1128 3480 ex
1151 3429 1239 3481 tenui-

65 3523 125 3570 tate
143 3523 172 3571 et
190 3517 344 3573 subtilitate
363 3519 448 3572 animi
467 3519 594 3590 colligere
614 3520 737 3573 animum
752 3519 807 3573 cito
821 3519 925 3572 moveri
944 3518 960 3570 i.
972 3535 995 3570 e.
1011 3522 1086 3571 vetet
1105 3534 1166 3570 eum
1183 3535 1238 3570 rem

66 3624 115 3676 per
134 3624 163 3660 se
182 3607 362 3662 clarissimam
381 3609 511 3679 proferre.

175 3697 195 3764 ²)
215 3697 297 3764 Quod
317 3697 432 3752 adnotat
451 3699 554 3753 Munro
573 3717 598 3769 p.
619 3700 683 3753 492:
713 3698 794 3752 Nereo
817 3698 905 3767 igiter
923 3698 1071 3767 quereiam:
1096 3697 1129 3750 r'rr
1147 3713 1238 3750 reuse-

65 3803 165 3854 qroence
189 3787 223 3854 os
243 3788 284 3840 tte
310 3789 371 3856 long
386 3789 561 3856 parenthesis
580 3790 611 3841 be
629 3789 721 3857 begins
741 3790 782 3842 the
802 3789 925 3856 protasis
951 3788 1055 3854 efrem,
1082 3788 1190 3840 iresteed
1212 3787 1245 3853 of

64 3877 169 3945 simply
191 3877 291 3945 superq}
315 3878 351 3930 at
374 3879 507 3946 quoniam
529 3879 597 3932 reith
623 3880 756 3945 reference
775 3884 800 3930 to
819 3879 876 3930 425
894 3878 950 3945 fell.
975 3877 1093 3930 libenter
1116 3893 1160 3929 me
1183 3893 1240 3930 non

65 3965 225 4034 intellegere
239 3966 336 4020 fateor.
360 3968 458 4038 Neque
472 3969 546 4021 enim
561 3967 650 4021 verbis
669 3986 744 4020 ranae
763 3968 851 4034 opiter
865 3967 997 4035 quaerere
1016 3967 1133 4036 protasis
1147 3966 1239 4019 denuo

64 4055 213 4109 inchoatur
230 4073 320 4126 neque
338 4073 462 4126 unquam
481 4057 566 4112 verba
587 4075 662 4110 neree
681 4058 770 4125 e'pe'ter
795 4057 911 4110 eandem
930 4056 986 4110 vim
1004 4055 1105 4109 habere
1124 4060 1240 4125 possunt

65 4163 97 4200 ac
116 4145 254 4215 particula
272 4151 302 4198 et.
