2978 4822
622 325 664 388 49

63 541 233 584 sermonem
263 541 333 584 esse
363 518 521 604 quomodo
551 541 636 585 nova
664 518 758 584 tellus
789 519 840 604 (ol.
865 523 938 601 787,
967 522 1041 601 797,
1064 523 1140 604 815)
1163 521 1230 592 ani·¹

61 626 151 691 melia
173 629 300 708 crearit,
329 627 362 690 in
385 625 422 688 Π
439 629 502 691 998
526 648 603 691 vero
626 625 785 711 quomodo
808 634 893 692 terra
914 627 977 691 iam
999 626 1107 692 adulta
1129 627 1231 692 homi-

61 755 133 797 num
155 755 255 820 genus
279 740 312 798 00
332 733 417 798 feras
440 735 550 819 pariat.

164 841 198 924 k)
221 861 339 925 0000ος
370 840 448 905 haec
473 840 629 926 particula
653 841 784 906 notione
806 841 989 906 conclusiva
1011 840 1154 928 praedita
1176 863 1231 906 ex-

62 955 123 1011 stat
145 947 259 1033 viginti
282 955 353 1012 octo
382 947 460 1013 locis
483 947 682 1012 Lucretianis
704 947 724 1011 I
749 951 789 1013 78
817 952 930 1033 (quare
957 949 1071 1033 0010000
1090 949 1231 1034 pedibas

60 1055 204 1119 subiecta
238 1055 385 1120 00000000
418 1056 580 1139 optentur
611 1105 617 1120 .
646 1106 653 1119 .
681 1059 716 1139 .);
754 1058 819 1120 295
858 1058 971 1139 (quare
1001 1057 1101 1120 ettam
1135 1061 1232 1140 utque

62 1163 160 1226 etiam
220 1213 227 1226 .
255 1167 314 1246 .1),
351 1163 428 1243 760,
461 1164 540 1243 845,
566 1164 662 1227 -1049
695 1164 807 1246 (quare
839 1162 940 1226 etium
974 1168 1072 1246 atquc
1106 1163 1232 1245 ctiam);

60 1268 95 1331 H
118 1271 199 1349 243,
223 1271 296 1350 377,
320 1271 400 1350 496,
424 1272 502 1350 598,
527 1271 628 1349 1064;
660 1268 716 1331 ΠΙ
740 1272 819 1350 228,
849 1272 928 1351 462,
951 1272 1031 1350 470,
1056 1272 1133 1351 574,
1158 1273 1232 1351 689,

63 1378 139 1454 756,
165 1377 244 1456 796)
275 1375 331 1444 IV
343 1379 423 1457 214,
451 1379 530 1456 288,
559 1377 638 1458 699,
666 1379 745 1458 853,
770 1378 848 1457 936,
873 1379 973 1456 1200;
1003 1376 1040 1444 V
1058 1379 1135 1458 153,
1159 1381 1233 1458 332,

63 1485 139 1563 376,
164 1486 243 1565 818,
268 1485 340 1548 904.

167 1590 188 1673 1)
213 1611 296 1675 quas
318 1590 357 1655 ob
379 1611 431 1655 ras
453 1593 509 1670 l:
534 1612 628 1676 quam
652 1590 693 1655 ob
715 1594 794 1682 rem)
815 1589 835 1654 I
860 1593 932 1656 155.

168 1701 210 1782 m)
239 1698 325 1762 0000
354 1697 393 1762 ob
422 1719 492 1762 ram
521 1697 577 1760 HI
601 1701 663 1762 257
696 1699 792 1782 (lianc
814 1699 852 1762 00
875 1719 945 1762 rem
968 1698 1072 1763 citum
1094 1699 1234 1763 retinere

62 1806 233 1889 0000000000
256 1803 312 1871 VI
336 1808 414 1887 334,
438 1808 512 1870 873.

620 2340 681 2439 Β.

63 2504 133 2618 00
171 2503 437 2643 particulis
473 2503 530 2616 in
567 2503 838 2619 sententiis
873 2505 1233 2620 subordinatis.

153 2868 173 2954 ξ
205 2865 237 2936 5.
278 2861 337 2936 De
363 2862 556 2960 particulis,
584 2851 675 2960 quae
702 2849 867 2960 leguntur
894 2864 933 2936 in
961 2863 1146 2936 sententiis

367 2987 672 3063 substantivorum
699 2988 777 3062 loco
804 2989 940 3086 positis.

418 3211 420 3217 ⁴
449 3184 478 3268 1.
510 3180 563 3246 De
585 3181 739 3268 particula
761 3183 856 3268 quod.

170 3321 262 3387 Haeo
284 3321 386 3388 habeo
409 3346 490 3409 qnae
514 3323 554 3389 de
577 3347 608 3411 p.
632 3325 719 3409 quod
740 3346 800 3388 usu
823 3344 1077 3389 commemorem:

170 3434 200 3516 0)
229 3429 266 3495 P.
290 3432 377 3515 quod
404 3453 578 3517 pronomen
609 3430 893 3497 demonstrativum
922 3438 977 3495 000
1006 3431 1240 3497 substantivum

63 3535 279 3602 antecedentis
310 3539 485 3603 sententiae
515 3538 681 3625 primariae
712 3538 886 3624 explicatur
915 3536 1004 3603 velut
1026 3537 1045 3601 I
1070 3541 1154 3603 1002
1183 3541 1242 3622 (cst

65 3646 172 3729 090000
195 3651 320 3710 nutura
343 3647 405 3710 1000
426 3646 639 3731 spatiumque
656 3646 824 3731 profundi
846 3647 935 3730 quod
959 3697 965 3711 .
994 3697 1001 3711 .
1029 3652 1064 3730 .);
1095 3645 1152 3710 ΙΠ
1175 3649 1239 3711 208

65 3774 333 3782 ——---.--——

172 3825 192 3893 ¹)
210 3823 394 3878 Locutiouem
408 3841 493 3894 quare
507 3825 591 3878 000000
605 3829 685 3893 atqua
698 3825 789 3892 etiam,
809 3841 880 3894 quae
895 3824 1027 3879 tredecim
1042 3824 1108 3879 locis
1123 3826 1241 3878 occurrit

63 3912 169 3980 (1295,
191 3913 272 3979 1049;
299 3913 331 3967 ΙΙ
355 3915 416 3981 243,
435 3916 496 3982 377,
517 3914 599 3980 1064;
626 3914 674 3968 III
701 3915 761 3982 228,
780 3915 842 3981 574,
861 3915 926 3981 089;
954 3914 998 3968 IV
1021 3915 1081 3981 214,
1101 3914 1161 3981 288,
1180 3916 1241 3981 853,

65 4003 148 4067 1200;
168 4003 196 4057 V
210 4003 274 4071 818)
294 4003 441 4057 Lucretius
456 4009 573 4074 usurpat
587 4020 652 4058 cum
666 4009 715 4057 aut
733 4003 820 4057 totius
838 4004 1086 4075 argumentationis
1105 4020 1242 4056 summam

63 4091 275 4162 comprehendit
292 4098 343 4146 aut
366 4098 429 4163 post
454 4093 583 4164 exempla
605 4093 649 4148 vel
667 4093 848 4161 obiectiones,
872 4097 905 4145 ut
923 4092 1004 4147 docet
1022 4093 1244 4162 Kannengiesser

63 4180 175 4249 (Philol.
195 4181 299 4236 XLIII
319 4200 346 4252 p.
366 4183 419 4238 540
437 4186 487 4254 sq.)
506 4183 711 4238 conclusionem
730 4184 786 4236 iam
805 4188 888 4236 antea
905 4182 1011 4236 iactam
1030 4183 1135 4253 repetit.

1031 4291 1049 4343 4
