2978 4822
638 332 681 393 43

77 533 157 592 suat
177 525 283 611 ipitur
304 527 375 590 iam
391 527 506 612 prime
526 525 635 610 fronte
651 531 772 612 parate
798 577 803 591 .
832 518 846 590 .
867 528 901 590 ..2
937 523 991 589 Sic
1005 531 1090 588 recte
1106 523 1248 588 scribunt

76 633 192 698 Munro
216 642 248 698 et
270 633 410 719 Brieger.
454 632 548 698 Haec
570 633 653 697 enim
676 640 726 697 est
748 633 809 696 loci
833 631 1005 696 sententia:
1035 638 1197 716 praeterea
1219 630 1247 695 si

77 764 129 820 ea,
143 763 237 826 'quae
267 739 380 808 mediis
411 763 428 804 e
458 740 552 804 rebus
582 748 616 804 et
638 762 678 804 ex
703 739 768 804 alto
790 739 823 803 in
846 747 961 804 terram
984 741 1160 818 mittuntur,
1182 745 1246 801 tam

75 847 218 912 celeriter
247 855 279 912 et
309 855 375 911 tam
406 848 500 932 longe
531 846 760 927 diffunduntur,
791 846 878 933 quid,
906 868 1011 910 nonne
1041 867 1091 925 ea,
1121 866 1201 931 quae
1229 867 1248 908 a

75 977 178 1028 rerum
209 955 374 1041 superficie
403 954 571 1018 mittuntur
592 954 612 1019 i.
631 977 657 1018 e.
679 975 784 1018 rerum
813 953 979 1018 simulacra
985 1002 994 1033 ‚
1027 952 1124 1016 multo
1155 952 1247 1016 eitius

75 1062 235 1147 multoque
264 1061 388 1146 longius
418 1060 554 1126 diffundi
583 1083 713 1126 necesse
743 1068 793 1125 est
814 1061 999 1147 praesertim
1023 1082 1111 1139 cum,
1133 1059 1248 1145 quiea

75 1169 239 1255 superficie
262 1167 437 1249 mittuntur,
460 1168 546 1232 nulla
567 1190 618 1232 res
635 1169 829 1232 celeritatem
844 1189 953 1232 eorum
970 1165 1129 1231 retardare
1145 1173 1247 1251 queat

75 1275 249 1342 Continent
262 1275 359 1360 igitur
373 1299 403 1341 v.
419 1299 449 1340 v.
468 1277 641 1340 197-200
658 1277 809 1361 protasis,
824 1298 855 1339 v.
871 1299 901 1340 v.
918 1277 982 1341 201
999 1297 1066 1360 sqq.
1085 1272 1248 1359 apodosin.

74 1381 223 1448 Ceterum
246 1381 340 1447 valde
362 1381 440 1446 mihi
462 1381 610 1468 displicet
632 1381 787 1446 editomm
810 1390 844 1446 et
865 1383 1072 1468 interpretum
1097 1381 1247 1445 orationis

74 1488 316 1576 distinguendae
339 1491 427 1554 ratio.
465 1489 595 1555 Lachm.
611 1489 707 1574 igitur
721 1490 825 1570 Bern,
848 1489 980 1574 Brieger
994 1487 1247 1572 interrogationis

74 1600 199 1683 signum
221 1606 344 1684 ponunt
366 1605 440 1684 post
458 1603 582 1683 parata
608 1599 649 1680 (v.
673 1598 736 1662 201
762 1596 811 1662 ed.
833 1597 953 1677 Boin),
975 1595 1093 1658 Munro
1116 1616 1193 1660 vero
1216 1602 1248 1658 et

73 1704 315 1770 Bockemueller
341 1711 414 1790 post
441 1703 597 1788 feramur
624 1708 665 1787 (v.
690 1707 775 1790 203).
819 1704 866 1767 At
890 1703 924 1767 in
946 1701 1075 1766 Lachm.
1099 1709 1132 1766 et
1153 1702 1248 1766 Bern.

73 1811 327 1898 interpunctione
359 1835 388 1876 v.
420 1835 451 1877 v.
484 1814 548 1877 201
582 1819 615 1876 et
647 1814 711 1876 202
744 1810 805 1894 (ed.
836 1810 956 1895 Banu),
989 1811 1043 1895 qui
1075 1809 1249 1873 arctissime

74 1919 244 1984 cohaerent
271 1919 354 1983 inter
383 1941 432 1999 se,
460 1917 556 1983 foede
586 1918 820 2004 dirumpuntur,
849 1917 883 1981 in
911 1917 1079 1980 Munronis
1109 1938 1186 1982 vero
1217 1923 1250 1980 et

73 2025 326 2091 Bockemuelleri
359 2025 575 2110 distinguendi
613 2025 734 2089 ratione
768 2025 866 2090 verba
898 2025 985 2108 quod
1015 2029 1163 2109 superest
1194 2025 1248 2087 vix

73 2131 206 2198 ferenda
218 2141 292 2197 sunt
303 2155 404 2218 neque
416 2131 502 2196 modi
514 2133 651 2198 varietas
662 2133 838 2197 inciacum
847 2170 889 2178 -
899 2137 1051 2196 moratur
1062 2135 1103 2213 (v.
1119 2133 1194 2213 202)
1206 2170 1247 2177 -

73 2242 229 2325 fecetur
252 2244 292 2323 (v.
316 2243 391 2322 203)
415 2240 597 2326 explicetur.
647 2239 778 2326 Optime
800 2246 914 2325 poetae
937 2259 1047 2302 manus
1072 2237 1249 2302 restituitur

73 2370 144 2412 cum
167 2356 242 2433 post
264 2353 415 2412 moratur
430 2353 470 2428 (v.
487 2349 563 2432 202)
586 2347 840 2431 interrogationis
864 2347 986 2430 signum
1010 2343 1138 2430 ponitur
1161 2351 1194 2408 et
1216 2345 1249 2407 in

74 2478 102 2520 v.
134 2456 200 2519 204
229 2476 287 2540 pro
322 2476 427 2539 quosne
460 2453 575 2539 legitur
604 2475 715 2518 rsonae
727 2458 759 2537 ¹).
818 2453 987 2517 Praeterea
1021 2475 1051 2538 p.
1081 2453 1186 2535 igitur
1216 2450 1247 2514 in

73 2559 208 2648 apodosi
237 2569 287 2625 est
315 2561 419 2647 posita
447 2561 502 2628 IV
526 2563 588 2626 511
616 2583 684 2646 sqq.
714 2561 853 2645 denique
883 2565 923 2624 at
950 2561 991 2623 in
1012 2559 1143 2644 fabrice
1168 2611 1175 2624 .
1204 2611 1211 2624 .
1239 2609 1246 2623 .

73 2669 190 2734 omniu
220 2669 370 2734 mendose
401 2669 479 2752 fieri
508 2720 514 2734 .
543 2720 550 2733 .
587 2689 712 2732 necesse
744 2672 792 2732 est
823 2718 830 2732 .
858 2717 865 2732 .
894 2718 919 2748 .‚
951 2666 1000 2730 sic
1031 2666 1137 2750 igitur
1169 2717 1175 2729 .
1204 2717 1211 2730 .
1239 2716 1246 2730 .

72 2775 200 2840 Eodem
222 2775 317 2840 modo
341 2799 370 2862 p.
393 2776 499 2860 ipitur
520 2777 552 2838 in
577 2773 709 2860 apodosi
733 2774 917 2838 collocatam
940 2780 1018 2859 puto
1040 2772 1160 2836 1167?
1182 2794 1249 2857 sqq.

72 2889 179 2948 cetera
201 2883 368 2947 consimili
390 2883 511 2968 necans
533 2882 662 2946 ratione
681 2902 866 2966 percpruns
881 2881 1030 2945 invenies
1050 2880 1180 2964 ipitue
1201 2931 1208 2943 .
1229 2931 1248 2961 .‚

72 2989 128 3054 ubi
148 2989 246 3054 verba
263 2995 367 3055 cetera
380 3029 421 3036 —
430 3010 615 3075 peragrans
630 2989 675 3053 its
688 2987 902 3074 intellegenda
918 2995 1006 3052 sunt:
1031 2988 1058 3050 si
1073 2994 1178 3051 cetera
1193 3034 1201 3050 .
1218 3034 1225 3049 .
1241 3034 1249 3050 .

72 3097 299 3184 peragraveris.

183 3208 210 3287 e)
233 3202 282 3269 Ut
310 3227 340 3290 p.
371 3225 459 3286 erpo,
489 3206 534 3268 ita
564 3211 597 3268 et
625 3227 655 3289 p.
685 3203 790 3287 igitur
813 3223 955 3282 eausam,
984 3223 1023 3266 ex
1047 3223 1109 3286 qua
1131 3200 1250 3286 aliquid

72 3310 245 3395 colligitur,
273 3309 460 3376 antecedere
488 3309 615 3374 videtur
641 3309 716 3373 utI
741 3312 804 3375 338
828 3311 919 3374 head
942 3309 1048 3392 ipitur
1070 3309 1249 3393 quicquum

69 3419 242 3504 procedere
260 3423 378 3502 posset,
398 3417 610 3503 principium
634 3417 793 3502 quoniam
810 3415 942 3480 cedendi
957 3415 1052 3479 culte
1068 3415 1161 3478 daret
1175 3435 1246 3491 res;

72 3524 128 3593 IV
150 3525 214 3589 563
222 3548 232 3605 ;
254 3524 289 3592 V
310 3527 350 3588 27
356 3528 374 3589 9
398 3525 513 3608 (spitus
537 3563 577 3570 —
602 3524 787 3608 quoraiuml;
809 3521 847 3585 ΙΙ
872 3525 974 3601 1139;
998 3521 1033 3588 V
1048 3523 1112 3585 144
1135 3520 1250 3604 (igitar

74 3671 115 3679 -
143 3632 436 3716 qeraedoqnidem);
465 3630 484 3694 I
509 3634 588 3710 205,
613 3632 675 3694 262
700 3630 815 3714 (igitur
838 3668 879 3676 —
904 3630 1057 3712 quondo).

182 3738 281 3802 Amat
309 3737 477 3802 Lucretius
508 3737 597 3802 alteri
627 3736 821 3801 conclusioni
852 3738 958 3801 statim
983 3735 1098 3800 addere
1121 3735 1249 3798 alteram

74 3844 165 3910 velut
193 3844 212 3908 Ι
236 3847 424 3910 aso-295
456 3845 572 3929 (igitur
602 3884 644 3891 -
668 3849 800 3930 quare)‚·
826 3842 863 3906 Π
886 3844 1075 3908 sss-496
1100 3846 1183 3927 (erpo
1207 3880 1249 3888 —

184 4096 205 4164 1)
223 4095 320 4150 Nonne
340 4111 431 4150 veram
451 4095 616 4165 scripturam
635 4111 693 4148 esse
713 4095 861 4166 Langenus
880 4093 961 4148 docet
986 4092 1096 4157 (Philol.
1115 4092 1250 4146 XXXIV

74 4204 100 4255 p.
122 4187 155 4239 31
176 4186 235 4255 sq).
