2978 4822
827 325 868 386 40

263 525 267 534 ’
369 525 396 602 0)
420 520 542 606 quippe
565 540 642 583 euru
664 518 779 604 legitur
801 517 856 585 VI
881 521 975 583 1178.

369 626 401 710 d)
426 627 547 712 quippe
570 648 642 689 cum
664 627 849 712 pronomine
871 624 1004 691 relativo
1027 626 1168 691 iunctum
1191 625 1288 691 habes
1311 626 1329 688 1
1352 629 1410 690 242
1417 651 1423 704 ;

262 736 319 799 ΠΙ
364 737 438 800 060.

343 738 398 922 le)
422 840 704 905 (100001000οοηο
728 841 850 925 quippe
872 840 934 904 ubi
955 839 994 904 cf.
1016 839 1047 904 h.
1071 862 1097 904 c.
1121 843 1140 924 fi
1165 842 1198 920 6,
1222 844 1256 920 2,
1280 844 1308 904 2.

370 947 461 1033 1)(10
485 949 607 1034 quippe
631 948 750 1012 etenim
773 947 812 1012 cf.
834 946 864 1011 h.
888 969 914 1011 c.
938 949 957 1030 fi
983 951 1017 1027 3,
1040 950 1069 1011 4.

532 1331 552 1417 ἓ
582 1328 615 1398 4.
652 1325 709 1397 De
736 1325 919 1421 particulis
947 1325 1168 1400 conclusivis

657 1537 685 1599 1.
712 1535 764 1599 De
786 1534 939 1621 particula
962 1556 1044 1620 cryc.

370 1697 423 1761 De
445 1719 477 1782 p.
500 1717 572 1779 erpo
594 1695 672 1760 haec
695 1693 967 1760 commemoranda
991 1704 1077 1760 sunt:

371 1807 399 1888 a)
421 1826 452 1889 p.
476 1824 548 1886 erpo
572 1802 727 1888 significat
749 1824 875 1867 causam
890 1803 942 1868 vel
965 1803 1116 1888 originem
1140 1803 1271 1868 alicuius
1286 1805 1333 1868 rei
1349 1803 1426 1868 velut

264 1912 282 1975 Ι
308 1910 442 1993 7231V
466 1912 545 1990 558,
569 1911 632 1974 605
657 1908 740 1975 01151.

370 2017 401 2101 b)
432 2038 558 2103 perpe
587 2016 716 2081 rationis
749 2016 908 2081 conclusio
941 2016 1076 2082 infertur
1109 2019 1186 2083 satis
1219 2017 1326 2082 multis
1357 2017 1425 2081 locis

265 2125 353 2192 velut
383 2124 402 2188 I
427 2126 504 2204 364,
538 2126 616 2204 538;
650 2123 688 2187 Π
710 2126 789 2204 405,
822 2126 902 2203 870;
936 2123 993 2187 ΠΙ
1026 2128 1103 2206 142,
1137 2127 1211 2205 537,
1245 2127 1323 2206 754,
1357 2125 1425 2201 067;

264 2232 320 2299 IV
338 2235 415 2313 157,
439 2235 517 2311 804,
541 2234 606 2296 883
630 2229 732 2314 (codd.
756 2234 835 2314 epo);
862 2230 1012 2312 111085,
1037 2235 1137 2312 1428,
1161 2231 1216 2299 VI
1241 2235 1314 2297 180.
1361 2231 1424 2296 Uno

263 2341 349 2420 1000,
380 2339 436 2402 Π]
465 2340 543 2418 700,
576 2360 606 2422 p.
639 2358 711 2419 erpo
743 2359 761 2400 a
788 2337 865 2402 viris
897 2337 1001 2402 doctis
1032 2340 1065 2401 in
1099 2339 1190 2403 enim
1223 2346 1343 2403 mutata
1376 2343 1424 2400 est.

266 2444 368 2511 Oodd.
384 2445 427 2510 ibi
444 2443 562 2508 habent
584 2443 779 2527 dispertitur
801 2465 883 2528 erpa.
932 2445 1107 2510 Brixiensis
1126 2445 1223 2530 igitur
1246 2444 1345 2510 editio
1363 2445 1422 2508 dis-

260 2552 408 2638 pertitur
431 2551 521 2616 eninr
552 2549 648 2614 habet
674 2572 746 2614 oum
768 2550 843 2614 Itali
871 2558 903 2614 et
925 2551 1080 2616 Marullus
1110 2552 1282 2617 seriberent
1305 2554 1422 2636 disper-

264 2660 325 2724 tita
348 2680 430 2743 erpo.
478 2657 621 2738 Lachm.‚
651 2679 721 2721 cum
751 2666 836 2722 recte
866 2659 1059 2746 perspiceret
1086 2659 1147 2723 hoc
1175 2659 1245 2724 loco
1269 2658 1309 2724 de
1332 2658 1425 2723 anima

263 2765 403 2831 nondum
436 2787 610 2829 sermonem
644 2787 714 2830 esse
745 2765 914 2851 legendum
943 2766 1078 2830 coniecit
1109 2767 1303 2852 dispertitus
1334 2766 1423 2842 eninr,

264 2874 309 2938 ita
331 2879 367 2936 ut
389 2872 588 2959 participium
611 2873 803 2957 dispertitus
825 2871 1024 2936 referendum
1054 2875 1097 2938 sit
1119 2873 1158 2938 ad
1182 2895 1292 2937 vocem
1316 2872 1378 2937 cibi
1397 2871 1423 2933 in

263 3004 294 3045 v.
318 2982 392 3044 001.
438 2977 503 3044 sed
524 2978 602 3042 haec
629 2981 823 3059 coniectura,
850 3001 1038 3064 quamquam
1062 2981 1138 3044 viris
1162 2979 1265 3044 doctis
1276 2984 1299 3064 1)
1327 2979 1425 3044 admo

264 3086 340 3150 dum
362 3086 494 3172 placuit,
522 3084 598 3148 mihi
621 3107 684 3149 non
707 3086 859 3172 probatur
879 3085 953 3150 ideo
977 3085 1062 3171 quod
1085 3087 1252 3151 Lucretius
1275 3106 1425 3172 compara-

264 3193 368 3258 tiones
398 3193 443 3256 ita
471 3191 585 3256 inferre
616 3192 696 3257 solet
725 3201 762 3256 ut
785 3195 891 3256 statim
914 3215 933 3257 a
954 3193 1116 3279 particulis
1139 3198 1186 3277 ut,
1217 3196 1318 3276 uelut,
1350 3190 1426 3278 qiud

262 3321 366 3384 pertus
394 3299 548 3365 similibus
576 3300 768 3386 comparatio
796 3300 926 3386 incipiat
953 3323 1055 3386 neque
1078 3323 1154 3365 vero
1177 3323 1251 3386 pars
1274 3319 1425 3386 compara-

264 3407 360 3471 tionis
390 3407 561 3493 particulae
589 3408 820 3493 comparativae
848 3408 1073 3493 praemittatur.
1119 3408 1227 3486 Quare
1255 3407 1326 3472 talis
1350 3427 1425 3470 corn·

262 3515 383 3600 paratio
411 3513 512 3599 qualis
542 3514 620 3578 haec
642 3523 705 3580 est:
740 3515 933 3599 dispertitus
956 3516 1046 3579 euim
1072 3567 1078 3580 .
1107 3567 1113 3580 .
1142 3566 1148 3580 .
1174 3520 1214 3580 ut
1235 3515 1327 3579 00000
1353 3566 1359 3578 .
1386 3564 1392 3576 .
1418 3562 1422 3573 .

262 3621 432 3704 disperit.
461 3672 467 3684 .
496 3671 519 3702 .‚
551 3620 599 3684 sic
624 3673 630 3686 .
659 3672 665 3685 .
694 3673 700 3686 .
733 3621 916 3686 aLuoretii
946 3620 1071 3686 dicendi
1101 3643 1216 3708 genere
1245 3621 1348 3686 011000
1376 3625 1424 3683 est

263 3726 400 3791 Accedit
433 3725 519 3812 quod
552 3727 658 3792 verbis
696 3729 889 3814 dispertitus
923 3730 1013 3794 enirn
1054 3768 1096 3776 —
1135 3729 1245 3794 erupis
1283 3731 1323 3812 (v.
1359 3727 1425 3804 700)

372 3906 391 3972 ¹)
411 3903 594 3960 Susemihlins
620 3905 729 3966 (Philol.
753 3906 873 3961 XXVII
892 3926 919 3978 p.
938 3909 983 3977 53)
1002 3913 1099 3962 contra
1118 3907 1327 3962 Lachmannum
1354 3904 1425 3961 dicit

263 3995 322 4063 ipse
340 3993 393 4063 legi
412 3993 473 4047 vuit
492 4000 515 4048 et
532 3995 693 4063 dispertitus
708 4014 764 4065 per·
777 3998 872 4050 cnutus
893 4039 898 4050 .
916 4039 921 4050 .
938 4038 956 4063 .‚
977 4014 1033 4067 qua
1042 3997 1200 4052 coniectura
1209 4013 1303 4052 versus
1322 3995 1425 4049 minime

263 4086 390 4150 sanatur,
416 4083 491 4155 quod
517 4085 546 4137 in
571 4084 624 4139 hac
650 4102 759 4156 quoque
785 4087 944 4140 coniectura
967 4103 1030 4156 pars
1050 4087 1263 4157 comparationis
1282 4083 1425 4157 particular

262 4173 464 4242 comparativae
483 4175 678 4243 praemittitur.
