2978 4822
634 339 675 404 73

72 535 182 621 Neque
210 536 315 600 minus
344 535 540 622 improbatur
568 535 820 600 Bockemuelleri
850 537 1017 620 splendeat
1042 559 1100 622 pro
1127 537 1180 622 spe
1226 573 1238 584 -

72 644 183 723 diuae·
216 641 400 729 splendidus
431 645 513 708 enirn
545 643 630 708 orbis
657 642 733 729 quid
757 643 800 708 sit
821 642 915 707 facile
936 642 1141 728 intellegitur,
1170 665 1242 706 cum

71 750 203 836 simplex
242 749 326 815 orbis
365 752 421 815 vix
459 750 567 814 oculu-s
605 749 745 836 intellegi
780 758 883 836 queat.
940 749 1095 833 Pollius1)
1126 748 1241 814 deinde

70 855 272 922 Lachmanno
296 856 474 922 adsentitur
495 879 621 922 versum
645 857 814 922 delendum
838 879 921 937 esse,
951 879 1140 942 quamquam
1168 878 1242 920 oon·

70 963 181 1028 cedere
212 975 340 1029 coactus
373 972 422 1029 est
454 987 562 1030 vocem
596 965 723 1049 alioqui
753 964 814 1028 hoo
845 964 916 1029 loco
947 963 1141 1049 aptissimam
1172 985 1241 1028 esse

70 1093 171 1156 neque
195 1071 332 1157 speciem
350 1071 603 1158 interpolationis
618 1093 693 1156 prae
710 1092 744 1136 se
759 1070 849 1135 ferre.
884 1070 1089 1135 Neumannns
1102 1075 1125 1155 2)
1148 1091 1241 1156 porro

70 1200 195 1242 versum
219 1179 338 1246 servari
363 1179 433 1244 vult
454 1180 500 1242 ita
522 1185 558 1242 ut
581 1185 722 1242 sumatur
743 1186 818 1264 post
839 1177 925 1246 hunc
939 1200 1066 1243 versum
1087 1176 1242 1243 excidisse

69 1307 195 1350 versum
218 1285 314 1352 talem
335 1286 418 1351 fere:

254 1399 401 1458 serretur
423 1393 612 1478 circumque
634 1393 738 1458 aciem
760 1394 873 1457 salutas
896 1393 1057 1457 videatur.

69 1499 190 1564 Omnes
222 1499 281 1564 hae
316 1500 514 1565 coniecturae
551 1507 584 1564 et
617 1499 809 1565 mutationes
846 1498 1057 1584 infiingrmtur
1089 1497 1242 1562 Kannen-

67 1609 231 1691 giesscri3)
255 1606 489 1686 emendatione,
519 1607 551 1671 in
581 1629 674 1692 quam
705 1629 763 1692 ego
794 1628 918 1693 quoque
949 1604 1044 1671 incidi
1074 1613 1242 1690 antequam

68 1713 145 1776 mihi
182 1715 320 1778 innotuit
356 1713 440 1780 illius
478 1716 537 1778 viri
576 1713 662 1778 docti
700 1713 932 1779 commentatio.
992 1712 1111 1779 Scribit
1147 1712 1243 1796 igitur

68 1843 195 1885 versum
219 1821 280 1886 sic:

184 1929 362 1993 incolumis
385 1929 538 2014 qasamcc's
561 1929 688 2012 ulloqui
710 1929 753 1992 ’st
774 1927 966 2012 splendidas
989 1927 1122 2008 orbc'sl).

67 2034 222 2099 Defendit
251 2043 356 2099 autem
387 2037 599 2099 coniecturam
629 2057 717 2099 suam
748 2057 786 2098 eo
816 2033 901 2119 quod
925 2033 994 2098 aliis
1017 2055 1141 2118 quoque
1164 2032 1242 2097 locis

69 2142 268 2207 Lucretianis
298 2165 335 2206 ac
365 2143 550 2228 praesertim
580 2142 650 2206 loco
681 2142 836 2205 simillime
865 2149 1045 2228 comparato
1075 2140 1242 2223 (111403)

68 2258 144 2335 post
175 2249 328 2335 quamuis
357 2248 547 2313 indicativus
580 2249 759 2313 inveniatur
789 2256 821 2312 et
850 2246 934 2335 quod
963 2247 1086 2312 litterae
1114 2255 1144 2310 st
1171 2253 1243 2326 ante

69 2379 105 2442 sp
136 2355 230 2420 'facile
261 2355 406 2421 excidere
436 2356 605 2441 potuerint.
651 2356 764 2441 Neque
792 2355 922 2419 dubium
946 2376 1015 2419 esse
1039 2361 1145 2440 potest
1167 2353 1242 2438 quin

68 2463 128 2528 hac
157 2463 337 2527 coniectura
365 2471 460 2550 poeta
489 2486 600 2527 manus
631 2463 823 2528 restituatur.
869 2462 1009 2526 Primum
1038 2461 1121 2526 enim
1148 2482 1244 2525 voca-

68 2569 178 2634 bulum
209 2593 272 2634 non
306 2572 382 2634 satis
417 2571 593 2655 antiquum,
628 2569 745 2654 alioqui
772 2568 858 2649 dice,
892 2591 955 2633 non
983 2569 1142 2633 invenitur
1168 2589 1243 2632 sane

68 2683 141 2742 ante
171 2677 361 2742 Lucretium.
415 2676 481 2742 Sed
503 2676 577 2741 inde
600 2678 728 2740 minime
753 2676 895 2761 sequitur
917 2683 952 2739 ut
974 2675 1115 2739 Lucretii
1140 2682 1242 2738 aetate

68 2807 132 2848 non
166 2785 330 2848 exstiterit.
374 2783 458 2848 Nam
490 2784 589 2847 multa
621 2781 774 2848 vocabula
802 2781 887 2868 apud
920 2782 1005 2846 hunc
1037 2789 1162 2867 poetam
1199 2781 1242 2844 le-

67 2899 197 2976 guntur,
226 2913 306 2976 quae
337 2899 409 2956 ante
440 2913 512 2956 eum
544 2913 606 2954 non
641 2890 851 2955 inveniantur.
896 2889 1048 2954 Fortasse
1079 2888 1243 2967 Horatius,

68 3000 122 3084 qui
146 2998 265 3083 primus
288 3007 362 3085 post
384 2999 568 3062 Lucretium
592 2997 651 3062 hac
673 3020 753 3062 voce
777 2999 889 3076 utitur,
919 3004 955 3060 ut
983 2996 1082 3060 multa
1109 2995 1169 3059 alia
1197 2996 1243 3058 sic

68 3105 129 3168 hoc
152 3126 276 3190 quoque
300 3105 487 3170 vocabulum
512 3128 552 3170 ex
577 3107 646 3191 ipso
669 3105 819 3168 Lucretio
844 3104 956 3168 hausit.
999 3101 1136 3167 Accedit
1158 3100 1242 3187 quod

68 3235 133 3276 vox
166 3213 292 3296 alioqui
323 3234 520 3298 nequaquam
552 3211 664 3278 deesse
696 3219 803 3298 potest
835 3212 983 3296 quoniam
1015 3211 1047 3274 in
1081 3209 1141 3275 hoc
1173 3210 1243 3294 ipso

67 3317 224 3384 vocabulo
248 3341 404 3383 summum
427 3318 551 3405 pondus
574 3321 713 3404 positum
737 3327 794 3382 est.

177 3425 241 3491 Sed
264 3433 300 3489 ut
323 3449 360 3491 eo
383 3425 510 3490 redeam
533 3425 616 3489 unde
640 3424 763 3504 deflexi,
791 3449 820 3511 p.
844 3425 997 3510 quamuis
1020 3445 1124 3488 secum
1148 3423 1244 3487 habet

179 3657 198 3726 ¹)
217 3657 317 3712 Philol.
336 3657 440 3712 XXVI
460 3676 485 3728 p.
506 3660 565 3712 331.

178 3747 198 3814 ²)
217 3746 234 3800 l.
254 3764 276 3800 c.
296 3765 323 3817 p.
343 3751 384 3801 45.

178 3835 438 3903 ³)Phi101.XL111
457 3854 483 3906 p.
503 3838 563 3892 536.

176 3926 197 3994 ⁴¹)
217 3925 330 3995 Brieger
347 3925 474 3979 codicum
494 3925 672 3994 scripturam:

282 4014 431 4068 Incolumis
450 4015 577 4083 qrmrrzur's
596 4015 704 4082 alloqui
721 4014 879 4082 splendidas
899 4013 972 4066 orbis

67 4107 160 4156 servat
178 4103 315 4157 adnotans
334 4104 444 4156 aurium
463 4103 564 4158 iudicio
584 4103 673 4156 utenti
689 4102 836 4157 obscurum
855 4119 912 4156 esse
931 4119 986 4156 non
1005 4118 1084 4173 posse
1099 4118 1149 4155 cur
1162 4105 1244 4172 pocta

70 4191 199 4246 voculam
218 4197 259 4246 est
278 4197 342 4246 ante
361 4192 508 4264 ploudidus
527 4191 656 4247 omiserit.
