2978 4822
644 310 742 377 23Ἰ

185 509 264 592 Ant,
287 506 373 593 quod
396 515 511 573 vocant
534 514 595 573 551
611 509 769 592 pendens,
793 529 856 571 nno
879 505 949 570 looo
971 506 1116 570 carminis
1132 505 1250 571 Lucre-

76 617 156 680 11551
188 622 293 680 exstat
321 614 377 685 VI
408 617 480 680 715.
533 615 607 680 Η55
636 614 706 680 1555
736 623 831 701 poeta
860 614 992 700 exponit
1020 611 1103 677 unde
1132 613 1186 676 fiat
1215 620 1252 677 ut

76 723 172 787 Nilus
195 729 315 787 aestate
338 722 523 808 Aegyptum
545 722 635 807 riget
680 721 788 806 Atque
817 721 863 786 sic
892 720 1004 806 incipit
1025 722 1250 784 narrationem:

123 831 154 894 is
176 833 230 912 (sc.
253 828 358 914 Nilus)
380 829 469 913 51551
491 830 679 915 45955155
700 829 848 894 mediam
866 849 1045 912 persaepe
1068 830 1206 892 55155555

124 942 185 1001 551
206 937 285 1020 qaia
308 941 390 1000 5551
411 942 531 1000 aestate
553 937 724 1021 5555515555
747 936 831 1000 ostia
853 940 987 999 contra.
1005 984 1035 998 ..

186 1043 269 1107 Tum
299 1042 436 1129 explieat
464 1042 662 1128 aquilonibus
686 1041 753 1106 Nili
782 1040 882 1106 undas
910 1041 1056 1127 impediri
1083 1041 1250 1126 quominus

76 1149 111 1213 in
135 1172 220 1214 mare
243 1150 409 1235 profluant.
447 1149 519 1213 Hae
534 1149 731 1233 digressione
747 1148 881 1213 efficitur
902 1155 939 1212 nt
961 1132 1055 1234 poeta
1079 1148 1252 1212 orationem

77 1257 285 1342 interruptam
314 1279 377 1321 non
408 1259 471 1320 iam
500 1255 613 1321 eodem
643 1254 737 1320 modo
768 1263 862 1340 atque
890 1261 1039 1341 coeperat
1068 1256 1251 1319 continuare

75 1365 189 1450 possit.
235 1363 343 1441 Quare
366 1386 397 1428 v.
422 1366 486 1429 724
508 1365 626 1449 pergit:
651 1369 699 1428 551
721 1384 848 1448 qaoque
871 1363 924 1426 511
942 1363 1051 1447 possit
1075 1413 1081 1426 .
1110 1413 1116 1426 .
1145 1413 1151 1426 .

187 1471 258 1535 Ant
286 1471 399 1553 ctiam,
430 1469 516 1555 qnod
545 1478 715 1557 usmpatur
744 1469 784 1533 ad
814 1470 1003 1534 sententiam
1025 1468 1125 1552 magis
1148 1468 1253 1532 decla-

76 1575 209 1641 randam
233 1585 266 1642 et
288 1577 320 1641 in
335 1578 470 1642 transitu
486 1577 525 1642 ad
542 1577 635 1641 aliam
651 1578 964 1662 argumentationem,
986 1575 1101 1660 legitur
1115 1574 1134 1638 I
1152 1577 1252 1655 1012,

76 1683 136 1747 ΙΙΙ
159 1687 216 1764 44,
246 1687 310 1748 812
336 1709 375 1743 ::
406 1682 442 1752 V
467 1687 545 1764 359,
577 1685 681 1764 1065,
712 1682 767 1750 IV
799 1685 877 1764 313,
909 1686 990 1764 933,
1023 1683 1058 1750 V
1086 1685 1166 1762 699,
1198 1682 1253 1751 VI

79 1792 178 1870 1196,
204 1793 298 1856 1200.

188 1903 216 1981 5)
245 1898 375 1984 Duplex
407 1904 468 1963 551
498 1899 530 1962 in
563 1897 780 1984 disiungendis
810 1897 992 1962 notionibus
1025 1903 1058 1961 et
1089 1897 1254 1961 sententiis

78 2005 160 2090 legis
182 2004 238 2068 III
261 2008 335 2086 221,
358 2009 434 2086 428,
458 2008 531 2086 512,
557 2009 630 2084 789,
656 2007 758 2085 1064,
781 2004 818 2074 V
842 2007 915 2069 340.

188 2113 259 2177 Aac
289 2152 331 2160 -
363 2119 424 2178 551
461 2113 630 2198 particulas
667 2113 749 2176 inter
786 2132 820 2175 se
857 2109 1084 2196 respondentes
1120 2111 1253 2196 legimus

77 2219 97 2282 I
123 2222 197 2296 381,
220 2222 295 2300 449,
320 2222 401 2300 760,
424 2217 461 2282 II
484 2223 537 2300 84,
555 2222 628 2302 393,
647 2222 728 2298 908,
751 2217 807 2282 ΙΠ
829 2221 903 2296 805,
923 2220 997 2297 819,
1013 2219 1095 2297 869,
1118 2217 1172 2285 IV
1190 2221 1253 2285 312

84 2328 161 2409 (551
181 2328 262 2410 qaia
285 2365 326 2374 «-
351 2330 533 2392 autetiam
557 2328 671 2411 qaod),
697 2328 759 2390 717
791 2325 967 2411 (5515515
989 2363 1030 2370 -
1055 2325 1252 2410 55155551),-

78 2433 115 2499 V
135 2435 209 2513 649,
233 2436 314 2513 656,
338 2434 393 2501 VI
410 2436 483 2514 579,
508 2436 604 2499 1215.
638 2433 769 2498 Praeter
790 2432 849 2522 lios
873 2432 961 2496 locos
984 2431 1046 2494 tale
1070 2437 1257 2496 551-551

79 2547 187 2604 exstat
210 2540 264 2607 VI
289 2544 362 2620 105,
385 2541 439 2606 551
461 2540 628 2626 Oblongus
650 2541 751 2626 prima
774 2562 868 2603 manu
891 2547 924 2603 et
944 2538 1151 2606 Victorianus
1174 2560 1255 2602 5555

78 2648 194 2712 cadere
215 2653 289 2730 551,
319 2647 502 2726 Quadratus
532 2669 614 2712 5555
643 2649 755 2711 cadere
781 2645 999 2728 5555555111.
1045 2644 1119 2708 Itali
1143 2653 1176 2709 et
1198 2645 1256 2709 im-

79 2755 200 2840 pressi,
224 2762 259 2818 ut
281 2752 375 2818 docet
397 2754 539 2834 Lachm,
566 2755 711 2839 legerunt
733 2774 815 2817 5551
838 2753 949 2816 cadere
972 2752 1150 2816 55155515
1176 2803 1182 2816 .
1212 2804 1217 2816 .
1247 2803 1253 2816 .

79 2858 212 2926 Lachm.
235 2863 317 2947 ipse,
346 2861 432 2947 quod
462 2868 495 2926 et
516 2860 685 2926 Lucretius
715 2884 745 2946 p.
769 2864 830 2924 551
856 2881 980 2945 semper
1004 2865 1076 2922 ante
1100 2857 1256 2922 disiuncta

79 2975 215 3054 poneret
237 2990 339 3054 neque
361 2968 471 3032 liceret
493 2968 588 3033 scribi
617 2989 698 3032 acm
726 2972 787 3031 551
814 2967 925 3031 cedere
949 2967 1057 3048 55515,
1088 2963 1256 3048 legendum

79 3076 249 3161 proposuit
285 3097 365 3140 5551
401 3077 512 3140 cadere
545 3076 587 3139 55
621 3076 729 3157 55515,
762 3096 842 3160 quae
872 3075 1053 3138 coniectura
1081 3071 1256 3156 Bernaysio

79 3181 216 3268 probata
239 3192 296 3246 est
334 3183 452 3246 Munro
470 3204 545 3247 vero
569 3204 626 3246 555
649 3182 716 3246 iure
740 3180 940 3246 scribendum
964 3202 1034 3244 esse
1057 3187 1166 3244 censet
1189 3184 1257 3258 551,

80 3287 168 3374 quod
186 3289 216 3352 in
233 3289 325 3354 codd.
341 3292 372 3354 in
390 3291 446 3354 555
461 3288 669 3376 depravatum
684 3289 727 3352 sit·
742 3286 853 3352 eodem
869 3285 964 3351 modo
980 3294 1074 3371 atque
1089 3285 1145 3355 VI
1162 3287 1257 3350 1196.

80 3396 234 3460 Munroni
259 3419 316 3461 suo
340 3399 407 3461 iure
430 3396 557 3461 adsensi
580 3404 655 3460 sunt
676 3394 951 3475 Bouterwekius2)
975 3401 1008 3458 et
1030 3392 1212 3457 Goebelius.

191 3503 319 3590 Duplex
343 3510 404 3568 551
431 3502 676 3588 intellegendum
701 3510 750 3567 cst
767 3502 896 3587 5551155
920 3539 960 3547 -
981 3499 1110 3584 partim
1134 3499 1169 3566 V
1194 3501 1257 3562 215

88 3615 226 3699 (551-
250 3617 374 3676 551-
400 3613 492 3696 555),
517 3610 572 3678 VI
598 3612 693 3676 1097.

192 3717 224 3804 (1)
246 3717 376 3805 Triplici
400 3724 462 3783 551
483 3707 706 3804 disiunguntur
727 3716 873 3781 notiones
896 3714 933 3784 V
958 3717 1030 3780 142.

194 3899 213 3968 1)
232 3898 345 3952 Lachm.
369 3897 441 3952 falso
464 3901 546 3967 putat
565 3895 725 3966 Oblongum
749 3895 840 3965 prima
861 3911 947 3947 manu
971 3909 1026 3946 non
1052 3891 1182 3946 habuisse
1202 3895 1257 3955 551,

83 3987 133 4042 sed
158 3986 228 4042 illud
254 3993 303 4042 551
328 3986 420 4041 deberi
446 3986 594 4041 correctori
620 3984 741 4055 Oblongi
768 3985 802 4038 cf.
823 3983 896 4037 Mus.
916 3981 1043 4036 Rhenan.
1065 3982 1134 4036 1860
1159 3997 1187 4049 p.
1207 3980 1259 4031 412

84 4078 159 4145 adn,
179 4080 239 4132 413.

194 4168 214 4236 ²)
234 4167 361 4234 Quaestt.
380 4168 461 4221 Lucr.
482 4185 509 4237 p.
529 4168 571 4219 44.
