2978 4822
819 279 839 340 8

722 369 935 378 .-—..-.-—

650 512 679 572 2.
713 506 765 572 De
789 508 941 594 particula
963 515 1007 574 01.

348 651 576 716 Particularum
599 648 869 716 adversativamm
893 650 986 737 longe
1009 652 1197 718 creberrime
1221 661 1316 740 poeta
1338 676 1416 718 usus
1466 669 1467 704 t

243 766 292 823 est
314 782 344 845 p.
368 763 404 823 01
459 757 568 843 Atque
591 756 736 822 adhibuit
757 757 839 822 hano
861 758 1064 844 particulam:
1466 749 1467 754 ¹

349 870 377 946 a)
401 864 585 950 saepissime
608 866 640 927 in
664 864 852 951 opponenda
874 887 908 929 re
932 867 1088 931 contraria
1110 867 1162 933 vel
1185 866 1313 932 diversa
1327 869 1418 933 velut

241 973 358 1053 1252,
383 974 456 1053 778,
480 975 561 1052 828;
591 970 628 1034 Π
654 974 726 1051 150,
752 975 825 1053 157,
850 975 923 1052 355,
948 974 1026 1054 786,
1055 973 1112 1037 III
1136 977 1210 1054 299,
1239 977 1312 1055 302,
1341 978 1418 1052 402,

242 1083 322 1160 413,
351 1082 416 1144 904
444 1081 494 1165 (10
518 1079 650 1164 quidem
674 1119 725 1162 -,
758 1083 941 1159 0111000.
970 1081 1006 1165 .),
1033 1082 1133 1160 1066,
1164 1080 1220 1150 IV
1245 1084 1318 1162 148,
1343 1086 1418 1161 555,

244 1188 318 1268 566,
350 1188 423 1267 639,
455 1188 558 1266 1169;
588 1184 624 1253 V
649 1189 700 1266 18,
732 1190 785 1266 43,
816 1190 889 1268 228,
921 1189 994 1267 543,
1025 1191 1099 1268 815,
1130 1190 1209 1269 861,
1237 1190 1311 1269 868,
1343 1192 1418 1269 992,

246 1296 373 1378 10657),
398 1295 500 1374 1118,
523 1291 578 1361 VI
602 1295 707 1378 519),
730 1296 805 1374 804,
829 1295 903 1374 963,
928 1297 1002 1375 967,
1026 1297 1089 1361 969
1113 1294 1196 1360 alibi.

351 1510 371 1578 1)
391 1507 535 1579 Oblongus
560 1509 650 1579 prima
675 1525 760 1562 manu
786 1512 813 1562 et
832 1506 993 1574 Quadratus
1017 1507 1122 1563 habent
1145 1511 1182 1564 cd
1204 1510 1238 1564 cf.
1258 1509 1417 1578 GcebeliuS,

243 1600 316 1653 Mus.
336 1598 462 1652 Rhenan.
484 1599 553 1653 1860
571 1616 598 1668 p.
618 1599 678 1651 414.
1082 1597 1085 1602 ’

352 1707 372 1775 ²)
391 1705 478 1760 Oodd.
497 1704 631 1776 praebent
649 1710 692 1769 at‚·
719 1704 915 1759 Lachmannus
934 1705 1005 1760 male
1024 1706 1141 1760 coniecit
1159 1712 1189 1768 ct,
1209 1724 1280 1776 quae
1298 1708 1417 1761 mutatio

243 1796 394 1865 Bemaysio
412 1794 544 1849 Munroni
564 1794 693 1866 Briegero
718 1793 836 1865 probata
859 1799 908 1849 est.
946 1795 1082 1865 Equidem
1108 1795 1239 1851 hocloco
1258 1797 1417 1850 coniectura

243 1885 356 1940 omnino
375 1902 430 1939 non
449 1901 519 1955 opus
544 1901 602 1938 esse
621 1889 698 1954 puto.
736 1884 882 1948 Lucretius
901 1884 975 1938 enim
998 1902 1054 1939 000
1077 1885 1167 1940 solum
1193 1887 1283 1956 pergit
1307 1887 1417 1953 ,iisdem

243 1975 358 2029 canibus
382 1975 453 2028 alios
478 1979 558 2042 atque
576 1974 647 2027 alios
666 1991 761 2027 vocam
778 1991 859 2027 socos
878 1974 1047 2041 amathar,
1073 1978 1105 2028 ut
1130 1974 1197 2029 dicit
1215 1975 1343 2042 Lachm.‚
1367 1975 1416 2029 sed

181 2134 183 2142 y
243 2063 364 2120 ostendit
382 2063 466 2117 etiam
484 2062 586 2117 bestias
604 2062 749 2117 dissimiles
769 2080 848 2117 voces
868 2063 1011 2134 variasque
1029 2064 1109 2117 edere
1128 2064 1214 2119 solere
1229 2069 1312 2135 prout
1326 2069 1417 2119 metus

243 2159 293 2208 aut
310 2153 389 2208 dolor
408 2159 456 2208 aut
474 2152 608 2224 gaudium
632 2170 678 2207 eas
697 2153 873 2223 occupaverit
898 2154 933 2207 cf.
953 2148 978 2208 0.
997 2139 1023 2207 0.
1045 2155 1112 2208 1057
1132 2171 1190 2224 sqq.
1228 2154 1370 2208 Particula
1387 2162 1417 2208 01

243 2244 328 2315 igitur
346 2242 398 2297 sibi
417 2246 597 2313 opponuntur
615 2259 670 2296 000
697 2246 806 2295 tantum
832 2259 926 2309 voces,
946 2259 1020 2313 ‚quas
1046 2243 1176 2297 emittant
1201 2261 1295 2311 canes,
1320 2261 1417 2298 verum

242 2334 327 2387 etiam
345 2332 430 2386 animi
450 2336 555 2397 motus,
581 2335 613 2383 ut
638 2331 678 2384 ita
696 2330 800 2397 dicam,
826 2330 927 2401 quibus
952 2331 1112 2386 efficiantur
1135 2332 1226 2386 variae
1245 2333 1309 2386 illae
1328 2350 1416 2388 voces.

244 2423 334 2476 Locus
360 2426 453 2475 autem
480 2419 526 2474 ille
551 2419 590 2488 (V
610 2421 676 2474 1081
704 2419 746 2474 ed.
767 2419 872 2489 Bam),
899 2437 982 2490 quem
1001 2420 1114 2474 Lachm.
1141 2421 1177 2476 ad
1196 2422 1416 2476 confirmandam

243 2528 322 2565 suam
342 2509 527 2565 coniecturam
547 2508 646 2576 adfert,
665 2526 777 2579 prorsus
796 2510 866 2563 nihil
884 2509 966 2577 valet,
985 2510 1060 2580 quod
1079 2509 1117 2565 ibi
1132 2511 1269 2581 particula
1282 2517 1311 2566 at
1325 2511 1417 2566 locum

243 2599 356 2655 omnino
374 2616 430 2654 non
448 2596 542 2666 habet,
560 2599 627 2668 quia
644 2599 781 2669 oppositio
799 2599 878 2653 nulla
896 2604 994 2653 exstat.
1192 2599 1194 2605 ’

352 2707 372 2776 ⁸)
391 2707 426 2760 In
445 2706 524 2760 codd.
543 2723 638 2760 versus
657 2706 696 2761 010
714 2707 829 2777 legitur:
870 2721 874 2728 ·

364 2801 393 2850 01
410 2795 539 2850 reticeret
554 2797 604 2849 diu
619 2796 731 2865 planiae
750 2798 911 2866 longamque
928 2798 1037 2851 morari
1054 2803 1218 2852 cremarunt
1237 2839 1243 2851 .
1264 2840 1269 2852 .
1290 2839 1295 2850 .

243 2886 361 2957 Antiqui
381 2889 546 2940 correctores
564 2885 690 2939 retineret
716 2885 744 2938 in
767 2887 882 2948 retinere
908 2891 1098 2952 mutaverunt;
1124 2904 1208 2957 quam
1234 2887 1417 2942 mutationem
1466 2957 1467 2960 Ἴ

244 2975 396 3030 Lambinus
422 2979 450 3028 et
476 2973 567 3029 Faber
592 2973 748 3044 explicant:
785 2975 894 3028 amrara'
917 2975 1040 3029 10011000
1065 2980 1089 3028 et
1113 2977 1190 3030 domi
1213 2977 1335 3030 retorsere.
1372 2976 1417 3030 De
1466 3007 1467 3044 t

243 3067 339 3135 inepta
356 3063 409 3118 hac
427 3063 654 3133 interpretatione
673 3062 758 3118 verba
775 3063 865 3117 facere
879 3064 1051 3134 supersedeo.
1075 3064 1189 3120 Lachm.
1204 3065 1304 3119 deinde
1318 3069 1417 3136 poetae
1466 3067 1467 3104 1

244 3171 358 3208 manum
377 3152 530 3208 restituisse
549 3151 602 3206 sibi
619 3150 766 3206 videbatur
785 3152 944 3207 coniectura
961 3170 1025 3206 sua:
1046 3159 1124 3223 atque
1138 3160 1224 3209 terrare
1238 3155 1295 3208 diu.
1327 3155 1417 3208 Lach-

243 3260 346 3298 00000
372 3241 535 3312 adstipulati
561 3245 627 3295 sunt
649 3241 753 3295 Munro
779 3246 806 3296 et
831 3242 951 3313 Bn'eger.
989 3243 1155 3313 Bernaysius
1180 3261 1245 3299 vero
1270 3243 1417 3298 audaciore

243 3333 397 3387 mutatione
415 3348 482 3384 usus
501 3331 629 3385 coniecit:
658 3337 687 3385 ct
705 3349 845 3386 remorare
862 3332 920 3386 dia.
958 3331 1038 3398 Quae
1061 3333 1235 3387 coniecturae
1258 3350 1344 3404 aeque
1361 3333 1416 3386 dis·
1466 3387 1467 3394 ,

244 3422 362 3493 plicent:
389 3419 562 3499 Lachmanni
589 3419 663 3490 quod
689 3420 753 3473 talis
771 3437 837 3473 usus
857 3420 933 3475 verbi
952 3421 1210 3492 tenendi'exempla
1228 3421 1303 3492 apud
1321 3427 1417 3492 poetas

244 3528 299 3565 000
325 3510 520 3577 iuveniuntur‚
545 3509 689 3578 Bernaysii
715 3527 779 3564 vero
805 3509 880 3580 quod
904 3510 986 3564 nimis
1011 3511 1115 3564 recedit
1137 3527 1155 3565 a
1179 3511 1258 3566 0000.
1277 3511 1416 3565 memoria.
1466 3509 1467 3548 t

244 3598 381 3669 Equidem
407 3603 476 3669 puto
502 3615 567 3652 sane
592 3597 768 3653 scribendum
794 3615 865 3653 esse:
894 3605 923 3653 01
940 3600 1055 3654 reticere
1072 3600 1123 3654 dia
1142 3642 1147 3654 .
1168 3642 1174 3654 .
1195 3619 1216 3664 .‚·
1244 3617 1334 3670 neque
1351 3618 1417 3655 vero
1466 3649 1467 3652 ,

243 3688 316 3743 hanc
334 3688 500 3759 scripturam
520 3687 685 3758 interpreter
709 3691 742 3741 ut
760 3688 912 3743 Lambinus
938 3694 966 3743 01
984 3688 1088 3756 Faber,
1113 3689 1162 3744 sed
1187 3689 1228 3743 ita
1252 3695 1284 3743 ut
1302 3690 1417 3744 retinere

243 3778 365 3849 positum
384 3794 442 3831 esse
461 3777 551 3831 dicam
571 3793 621 3847 pro
639 3777 761 3831 retineri.
799 3777 945 3832 Lucretius
971 3778 1044 3831 enim
1070 3778 1136 3832 satis
1160 3777 1254 3832 multis
1278 3779 1344 3833 locis
1366 3797 1417 3849 pro

243 3866 327 3922 verbo
346 3865 479 3921 reflexivo
498 3865 542 3921 vel
560 3866 670 3937 passivo
684 3883 751 3920 usus
765 3871 807 3920 001
821 3865 905 3922 verbo
920 3869 1018 3922 activo.
1046 3867 1081 3922 cf.
1096 3867 1209 3922 Lachm.
1230 3867 1265 3922 ad
1279 3868 1323 3923 VI
1339 3870 1417 3936 1190,

162 4003 165 4007 .
242 3957 345 4011 Munro
365 3955 400 4009 ad
419 3956 434 4009 I
454 3957 514 4023 397,
534 3957 585 4010 787
593 3974 599 4021 ;
619 3956 650 4009 II
672 3957 735 4022 126;
755 3956 887 4022 111502;
908 3956 951 4011 IV
968 3958 1051 4023 1130;
1071 3957 1099 4012 V
1114 3959 1178 4023 931;
1198 3957 1416 4025 V1595‚1190;

243 4045 374 4100 Holtzius
393 4044 411 4099 l.
430 4062 453 4100 c.
472 4063 499 4116 p.
521 4047 572 4100 118
592 4062 650 4116 sqq.
688 4045 867 4116 Usurpantur
890 4050 983 4100 autem
1007 4047 1046 4101 sic
1068 4047 1229 4117 praesertim
1253 4046 1337 4102 verba
1359 4064 1417 4102 mo-

241 4134 332 4202 vendi,
351 4139 383 4188 ut
397 4141 553 4202 convertere,
570 4135 698 4204 00019000,
714 4136 869 4202 immutare,
884 4153 995 4202 movere,
1014 4142 1127 4203 matare,
1146 4137 1283 4206 reflectere,
1304 4137 1416 4202 trabere,
