2978 4822
646 353 686 418 11

82 572 201 636 eorpus
224 557 312 615 cerei
334 551 483 634 undique
505 571 626 614 sense:
653 550 764 634 perdit
787 550 875 614 enirn
902 602 908 614 .
937 600 943 614 .
972 554 1009 627 .‘‚·
1040 547 1096 617 VI
1120 550 1184 612 673
1208 553 1254 630 ,ct

81 658 186 722 nimis
209 663 256 722 eet
276 658 394 742 irpeas
416 657 551 722 incendi
574 657 728 722 turbidus
751 657 869 721 arder.
895 656 1018 721 scilicet
1042 707 1048 720 .
1074 707 1080 720 .
1107 707 1113 720 .
1139 653 1253 720 Restat

81 787 162 830 unus
185 764 283 845 locus,
305 763 342 832 V
367 767 440 844 170,
462 762 503 829 de
525 786 588 849 quo
611 762 728 828 iudicia
742 763 880 828 virorum
900 761 1065 828 doctorum
1087 769 1252 848 tantopere

79 871 164 938 inter
186 893 220 936 se
243 869 439 957 discrepant,
467 878 503 934 ut
525 893 639 957 operae
667 871 801 958 pretium
826 893 896 936 esse
918 877 1026 956 putem
1050 868 1091 934 de
1106 867 1252 933 hocloco

80 978 175 1066 paulo
207 979 382 1044 accuratius
414 1000 516 1063 agere.
565 977 605 1041 In
637 976 729 1043 codd.
762 979 858 1063 igitur
889 976 963 1042 inde
992 999 1012 1041 a
1040 975 1076 1044 V
1108 977 1172 1041 168
1202 974 1253 1038 hie

78 1107 228 1150 versuum
252 1083 330 1150 ordo
353 1092 473 1150 exstat:

81 1195 156 1258 168.
179 1194 297 1278 quidve
319 1193 399 1258 rioci
416 1192 530 1278 potnit
552 1197 643 1257 tanto
662 1198 741 1278 post
761 1197 838 1256 arcte
861 1191 987 1278 quietos

178 1300 311 1365 inlicere
333 1305 374 1365 et
395 1305 552 1385 cuperent
573 1300 678 1364 ritem
701 1304 831 1366 metere
849 1299 1019 1385 priorem

81 1410 155 1472 170.
178 1427 259 1471 narn
279 1407 420 1491 pondere
442 1407 538 1471 noeis
560 1406 657 1470 relius
679 1407 789 1471 elehem
811 1406 942 1471 ridetur

178 1515 235 1579 cui
256 1519 376 1579 celeres
398 1515 536 1578 obseret:
559 1515 615 1578 sed
637 1513 693 1578 ceri
714 1514 767 1577 nil
788 1513 908 1578 cendit
929 1513 1019 1597 eepri

180 1626 320 1705 tempore
342 1621 381 1686 ire
404 1626 561 1703 anteacto,
585 1641 662 1686 cern
681 1621 819 1706 pulchre
841 1621 965 1704 deperet
987 1641 1115 1702 cerere,

170 1728 253 1814 quiri
271 1727 384 1812 potnit
405 1727 563 1792 novitatis
587 1747 732 1792 crimem
755 1728 926 1792 accendere
949 1727 1031 1792 teli?

179 1835 296 1920 quidne
318 1835 402 1899 mali
423 1835 536 1918 senet
557 1835 653 1900 nobis
675 1855 745 1899 rcere
767 1855 834 1900 esse
857 1835 996 1899 necis?

80 1945 156 2010 175.
180 1963 226 2006 erc
249 1940 469 2025 (Quanam)
492 1943 584 2006 credo
606 1942 646 2005 irc
669 1941 809 2006 tenebris
829 1942 899 2007 rite
922 1963 960 2007 ce
978 1962 1102 2006 merore
1116 1941 1251 2022 iacebat,

178 2050 277 2114 dcrcec
299 2048 423 2113 diluerit
443 2069 557 2113 rernm
576 2049 732 2133 pereilclis
755 2049 844 2132 oripo

177 2161 279 2220 noun
302 2154 391 2220 caim
414 2157 505 2221 debet
526 2177 593 2241 sqq.

185 2262 360 2327 Lambinus
383 2262 479 2348 igitur
501 2284 571 2326 cum
595 2261 792 2348 intellegeret
807 2261 905 2327 verba
927 2283 973 2327 err
996 2264 1088 2327 eredo
1104 2300 1146 2310 —
1163 2262 1252 2345 oripo

75 2369 119 2434 ad
142 2369 301 2434 hominem
323 2369 463 2434 nondum
487 2377 594 2434 natum
611 2371 768 2456 respicere
784 2392 846 2435 non
864 2391 968 2457 posse,
991 2391 1117 2434 versum
1134 2369 1252 2454 quidne

74 2479 213 2542 meli-
223 2477 340 2542 creetis
352 2484 563 2541 anteversum
576 2482 677 2541 natue
693 2478 784 2542 enim
798 2478 888 2542 debet
899 2499 966 2563 sqq.
977 2478 1093 2563 posuit.
1123 2475 1253 2541 Iachm.

75 2583 208 2664 deinde,
240 2584 291 2647 cui
321 2583 469 2648 Lambini
501 2585 634 2648 mutatio
668 2606 732 2648 non
766 2584 912 2670 placebat
943 2582 1029 2670 quod
1063 2583 1124 2648 hoo
1158 2582 1252 2648 modo

74 2699 220 2756 maneret
248 2689 282 2754 id
312 2713 414 2776 neque
443 2689 635 2756 refutaretur
661 2690 746 2777 quod
779 2691 830 2755 his
861 2690 985 2756 duobus
1015 2690 1160 2756 versibus
1195 2695 1253 2776 (err

74 2799 171 2864 credo
201 2836 243 2846 —
274 2798 380 2884 oripo)
422 2798 649 2878 contineretur,
684 2821 715 2883 p.
746 2819 792 2862 err
821 2797 852 2861 in
884 2803 920 2862 ct
948 2805 1069 2862 mutata
1096 2820 1126 2863 v.
1149 2821 1179 2862 v.
1202 2803 1251 2880 ci,

74 2906 171 2970 credo
195 2943 235 2952 -
261 2905 350 2989 cripe
377 2892 539 2968 transtulit
565 2911 638 2969 ante
661 2927 691 2970 v.
714 2925 795 2969 reem
822 2906 979 2988 peredere.
1008 2955 1015 2970 .
1043 2956 1050 2970 .
1079 2956 1085 2970 .
1132 2903 1172 2968 Ei
1197 2903 1252 2968 ad-

40 3005 43 3012 ’
75 3011 221 3098 stipulati
240 3019 315 3076 sunt
329 3011 531 3097 Bemaysius,
547 3010 675 3092 Munro,
690 3011 811 3076 Pollius
835 3011 959 3096 (Philol.
974 3010 1101 3080 XXVI
1119 3034 1150 3097 p.
1167 3013 1251 3095 345).

74 3119 172 3183 Illam
213 3117 408 3183 Lachmanni
453 3118 731 3206 transpositionem
771 3118 929 3204 Bergkius
968 3117 1073 3202 (Jahni
1111 3117 1252 3183 Annales

75 3224 217 3292 LXVII
249 3249 279 3311 p.
311 3229 386 3309 324)
419 3225 539 3311 primus
573 3247 630 3290 suo
663 3225 730 3290 iure
762 3225 954 3312 improbavit
986 3248 1120 3312 eumque
1153 3225 1252 3290 secuti

76 3343 154 3397 sunt
175 3331 237 3397 alii.
282 3331 439 3418 Bergkius
462 3332 558 3417 igitur
572 3331 719 3397 Lambini
739 3354 887 3398 versuum
906 3332 1144 3398 collocationem
1167 3333 1252 3396 omni

76 3437 276 3504 dubitatione
304 3461 409 3504 carere
437 3439 597 3505 existimat
623 3438 795 3504 dummodo
823 3461 881 3525 pro
904 3461 983 3504 voce
1011 3441 1102 3504 credo
1130 3438 1253 3524 legatur

75 3568 182 3611 caece.
230 3546 322 3625 Quae
350 3545 530 3611 coniectura
559 3546 749 3630 Goebeli01)
781 3545 913 3633 probata
943 3555 1000 3611 est.
1046 3544 1111 3612 Sed
1140 3569 1180 3610 ne
1208 3546 1253 3611 ita

75 3651 206 3738 quidem
234 3660 415 3719 removetur
443 3652 591 3735 offensio,
618 3676 699 3740 quae
727 3662 872 3719 versatur
898 3654 932 3718 in
959 3675 997 3718 eo
1020 3653 1105 3740 quod
1128 3651 1252 3718 duobus

75 3759 128 3824 his
152 3760 296 3825 versibus
324 3763 382 3847 (cre
401 3763 493 3826 crede
513 3801 554 3809 -
579 3762 668 3846 oripo
709 3761 936 3827 sententiarum
954 3761 1153 3826 cohaerentia
1171 3760 1252 3825 male

75 3867 328 3954 interrumpitur,
359 3876 396 3933 ut
427 3869 521 3954 paulo
554 3867 638 3933 infra
670 3867 842 3934 ostendam.
902 3869 1105 3954 langenusr)
1137 3865 1252 3932 deinde

187 4029 206 4097 ¹)
226 4027 438 4083 Observationes
457 4030 639 4084 Lucretianaa
658 4035 686 4084 et
701 4030 812 4084 criticae
830 4035 858 4083 et
877 4029 1047 4101 exegetieae,
1066 4029 1130 4084 diss.
1149 4029 1251 4099 inaug„
1289 4090 1292 4096 ¹

75 4119 192 4172 Bonnae
213 4118 282 4173 1854
301 4135 327 4188 p.
347 4119 383 4172 44
400 4136 440 4188 sq.

186 4207 206 4277 ²)
225 4206 324 4262 Philol.
344 4207 477 4263 XXXIV
497 4226 523 4279 p.
543 4210 576 4264 35
588 4226 628 4280 sq.
