2978 4822
643 304 685 366 39

72 499 255 581 ardoreque
278 519 390 562 eorum
415 500 455 579 (v.
480 499 543 562 272
568 502 624 583 sq.)
652 495 790 582 pendere
813 519 830 562 e
853 497 960 562 verbis
984 498 1106 583 quippe
1129 499 1249 562 etenim

71 625 181 688 cupra
208 606 305 670 domni
332 608 372 687 (v.
397 607 472 686 271)
499 612 573 690 post
600 627 667 670 v.v.
691 606 884 685 206-208,
913 604 946 668 in
969 604 1083 691 quibus
1106 612 1250 669 narratur

71 710 176 775 nubes
199 711 285 798 ipsas
307 711 464 797 permulta
486 711 606 776 semina
627 712 720 797 ignea
742 711 902 776 continere
917 733 1047 777 necesse
1063 734 1143 791 esse,
1165 711 1249 776 desi·

71 817 201 884 der-avit
234 818 435 899 sententiam,
468 819 502 882 in
536 841 599 905 qua
628 818 838 904 explicaretur
866 819 967 884 nubes
998 841 1015 883 e
1046 819 1122 884 solis
1151 818 1248 883 radiis

71 923 251 1010 ardoreque
284 946 392 989 eorum
425 925 524 990 multa
555 927 676 990 semina
704 925 797 1010 ignee
825 926 1005 1012 concipere;
1039 948 1135 1012 quare
1164 925 1249 990 idem

70 1031 163 1096 nullo
186 1031 254 1098 fere
276 1030 394 1097 indicio
416 1055 493 1097 usus
509 1055 527 1096 e
543 1055 609 1097 v.v.
626 1036 645 1096 2
670 1036 689 1096 2
710 1054 756 1116 sq.
770 1034 949 1118 composuit
963 1056 1029 1097 v.v.
1046 1036 1111 1098 209
1127 1040 1160 1097 et
1175 1036 1249 1100 210.

183 1138 254 1202 lam
282 1147 319 1203 ut
348 1161 385 1204 eo
414 1139 579 1204 redeamus
609 1138 692 1204 unde
722 1138 922 1220 defleximnn,
951 1162 1029 1204 cave
1056 1139 1155 1204 facias
1179 1163 1250 1203 cum

70 1246 208 1310 Holtzio
219 1251 256 1328 ¹),
283 1246 337 1331 qui
366 1255 458 1333 putat
486 1247 525 1310 iis
548 1247 641 1328 locis,
670 1246 725 1311 ubi
748 1247 870 1332 quippe
893 1248 1012 1332 etenim
1035 1246 1163 1332 legitur,
1191 1246 1249 1312 has

71 1352 246 1438 particulas
280 1352 321 1418 ad
355 1376 449 1418 unam
483 1353 677 1439 eandemque
711 1354 899 1419 sententiam
932 1355 1098 1440 pertinere.
1166 1354 1249 1419 Nem

71 1461 200 1545 quippe
226 1483 256 1546 p.
279 1469 430 1547 usurpata
457 1469 507 1526 est
533 1484 591 1548 pro
618 1461 713 1548 plena
740 1463 897 1526 sententia
918 1483 955 1524 ac
978 1460 1064 1526 valet
1084 1460 1146 1525 hoc
1167 1461 1248 1527 fere:

73 1568 218 1632 minime
248 1569 375 1632 mirum
406 1568 444 1633 id
465 1569 611 1652 quidem,
644 1569 710 1649 vel,
741 1569 921 1646 nimirum,
952 1567 1037 1653 quod
1065 1568 1248 1654 saepissime

71 1675 193 1759 legitur
214 1674 248 1738 in
270 1677 406 1740 carmine
428 1674 629 1756 Lucretiano,
652 1684 685 1740 et
706 1698 726 1740 a
748 1699 779 1761 p.
795 1676 915 1740 etenim
937 1697 1022 1740 nova
1043 1675 1155 1762 incipit
1178 1697 1250 1740 sen-

72 1781 185 1846 tentia
230 1780 304 1845 Hoc
325 1781 412 1866 quod
434 1781 499 1846 dixi
523 1790 609 1848 recte
632 1805 667 1847 se
689 1782 806 1848 habere
829 1805 869 1846 ex
893 1804 931 1848 eo
947 1782 1050 1847 elucet
1064 1781 1159 1869 quod,
1177 1805 1250 1847 cum

72 1888 263 1975 particulam
290 1890 412 1975 quippe
440 1892 583 1975 sequitur
609 1913 639 1976 p.
663 1891 766 1971 enim,
795 1911 875 1974 quae
903 1912 922 1954 a
944 1889 1093 1954 Lucretio
1122 1911 1187 1954 non
1209 1890 1249 1954 ab

72 1997 169 2060 initio
191 1996 366 2061 sententiae
388 1998 494 2083 posita
515 2005 565 2061 est
583 2019 646 2061 uno
661 1996 731 2061 loeo
747 1996 813 2077 (VI
830 1999 926 2078 1275)
946 2005 1089 2083 exceptu,
1113 2020 1144 2082 p.
1160 1998 1249 2061 enim

72 2126 140 2168 non
169 2104 277 2166 statim
303 2111 378 2189 post
405 2105 527 2189 quippe
549 2103 690 2189 ponitur,
718 2101 775 2167 sed
803 2103 1014 2189 interponitur
1044 2103 1248 2168 vocabulum:

73 2211 130 2278 VI
166 2212 229 2274 617
266 2212 398 2296 (quippe
436 2212 586 2276 ridemus
626 2210 740 2294 enim),
782 2212 868 2275 1018
907 2211 1040 2295 (quippe
1077 2211 1250 2293 uqitnntur

73 2319 188 2400 enim).
534 2353 536 2357 v

184 2425 216 2508 b)
245 2448 278 2511 p.
304 2426 424 2490 etenim
451 2433 539 2490 tenet
568 2424 741 2490 secundum
770 2425 887 2506 locum,
916 2426 1006 2489 euius
1035 2424 1249 2489 collocationis

73 2533 222 2619 exempla
248 2540 321 2598 ante
351 2532 520 2597 Horatium
549 2555 614 2597 non
643 2532 779 2598 inveniri
805 2531 981 2617 Draeger2)
1011 2532 1091 2597 falso
1118 2539 1210 2618 putat
1218 2539 1251 2616 3),

73 2641 132 2707 VI
163 2642 225 2704 912
256 2641 414 2724 (quinque
446 2640 585 2723 etenim).
639 2639 808 2703 Praeterea
839 2661 922 2702 nunc
954 2638 1077 2703 duobus
1109 2639 1187 2702 locis
1219 2663 1249 2724 p.

74 2747 200 2811 etenim
229 2746 368 2811 secundo
396 2747 467 2810 loeo
495 2746 611 2831 legitur
640 2745 696 2808 HI
719 2747 783 2810 288
807 2751 855 2810 est
876 2746 997 2810 etenim
1022 2797 1029 2810 .
1058 2798 1064 2810 .
1092 2797 1099 2810 .
1130 2768 1147 2810 e
1175 2767 1250 2809 con-

73 2854 198 2918 iectura
219 2853 329 2931 Fabri,
359 2862 392 2918 et
413 2853 449 2923 V
473 2855 537 2919 630
567 2853 752 2936 flaccidiore
782 2853 902 2918 etenim
934 2904 940 2917 .
969 2904 976 2917 .
1009 2875 1027 2917 e
1056 2851 1250 2917 lachmanni

74 2962 267 3025 coniectura
313 2959 414 3026 Oodd.
437 2969 571 3046 utroque
593 2959 663 3024 loco
686 2959 840 3046 praebent
862 2960 972 3024 etiam.

444 3141 473 3203 5.
500 3138 552 3203 De
575 3138 729 3224 particula
752 3139 883 3224 quippe.

185 3281 375 3346 Particulam
394 3281 549 3346 causalem
568 3283 690 3367 quippe
705 3281 738 3344 in
754 3282 890 3344 carmine
905 3281 1095 3344 Lucretiano
1110 3279 1249 3366 repperi:

186 3393 215 3472 a)
246 3388 430 3475 simpliciter
460 3391 596 3475 positam
628 3387 647 3451 Ι
672 3390 750 3468 151,
782 3389 855 3467 167,
885 3389 963 3466 7753
994 3385 1032 3449 Π
1060 3389 1138 3466 871,
1173 3389 1251 3465 983,

75 3496 131 3562 IV
159 3500 236 3574 528,
260 3498 338 3576 662,
363 3498 441 3576 769,
465 3499 543 3575 922,
567 3498 646 3575 984;
668 3494 706 3562 V
722 3496 786 3559 896
795 3518 804 3574 ;
827 3493 882 3562 VI
907 3495 985 3573 546,
1008 3496 1087 3572 854,
1111 3494 1184 3557 910.

186 3603 218 3686 b)
247 3625 317 3668 cum
347 3603 514 3689 participio
544 3603 742 3668 coniunctam
772 3602 806 3665 in
835 3600 1035 3687 appositione
1063 3599 1253 3686 explicativa

75 3710 134 3774 ΠΙ
159 3713 232 3775 190.

187 3890 207 3957 1)
226 3889 244 3942 l.
263 3906 286 3943 c.
306 3907 332 3958 p.
354 3891 413 3956 190,
433 3888 501 3943 125,

187 3978 243 4044 ⁷)l.
262 3996 285 4032 c.
305 3997 331 4048 p.
353 3981 412 4032 171.

188 4068 208 4136 3)
227 4067 259 4120 Ε.
279 4067 383 4121 Mureti
407 4070 565 4122 coniectura
590 4068 689 4120 etenim
717 4066 901 4137 postpositum
926 4065 982 4118 iam
1010 4064 1085 4135 apud
1114 4063 1251 4117 Lucilium

77 4158 159 4228 frgm.
180 4156 269 4210 XXX
287 4159 321 4211 54
340 4157 393 4227 (ed.
413 4157 445 4210 L.
464 4157 594 4226 Mueller)
613 4156 721 4227 legitur.
