2978 4822
817 279 859 350 32

253 481 303 547 sit.
354 480 467 566 Neque
502 475 584 545 enim
619 479 663 544 ibi
697 479 811 566 legitur
845 501 938 544 aurae
971 479 1077 563 ipitur
1110 477 1167 544 sed
1203 478 1309 544 verbis
1341 499 1428 562 quoe

253 589 414 674 quoniam
436 588 528 672 [1551
550 591 590 664 (v.
611 589 664 671 61)
687 595 760 673 apte
787 594 821 652 et
843 609 917 653 vere
945 586 1101 651 sententia
1127 588 1263 672 protasis
1286 585 1427 665 iteratur,

253 694 338 781 quod
361 695 442 776 locu,
464 693 504 758 de
527 715 590 780 quo
614 693 744 779 agimus,
766 693 894 758 minime
916 695 960 759 fit.
1006 692 1081 758 Sine
1105 693 1168 758 ulla
1190 693 1286 779 igitur
1301 691 1428 756 dubita-

252 802 339 866 tione
362 799 622 888 aoquiesoendum
647 801 751 866 estin
774 801 900 886 egregia
922 799 1116 865 Lachmanni
1139 798 1370 865 emendatione.

360 914 388 993 ο)
411 908 646 994 Nonnunquam
674 932 704 995 p.
734 929 817 973 uum
845 909 890 972 ita
919 914 1104 994 usurpatur,
1133 914 1169 971 ut
1197 929 1260 970 non
1283 914 1348 970 tam
1373 928 1428 971 ex-

252 1015 454 1102 plicationem
483 1024 539 1080 aut
567 1038 693 1080 oausam
723 1015 853 1080 alieuius
877 1015 921 1080 rei
945 1015 1096 1101 proferri,
1118 1036 1210 1100 quam
1233 1013 1336 1078 fusius
1361 1035 1427 1078 rem

135 1125 140 1138 '
254 1124 381 1186 tractari
412 1122 463 1188 vel
493 1123 646 1209 exemplis
676 1123 827 1209 explicari
856 1129 1006 1209 appareat
1035 1121 1124 1187 velut
1152 1121 1272 1202 1186,
1294 1119 1332 1184 H
1354 1123 1428 1200 317,

256 1233 337 1309 352,
360 1229 416 1292 ΠΙ
435 1233 487 1311 85,
512 1233 593 1311 381,
615 1229 671 1296 IV
692 1231 764 1295 136.
903 1297 905 1302 ,

360 1335 393 1421 d)
415 1337 506 1401 Nom
534 1360 565 1423 p.
595 1338 627 1399 in
657 1336 900 1421 interrogatione
924 1337 995 1402 vooi
1019 1335 1110 1400 alicui
1134 1333 1305 1418 adnexam,
1324 1336 1372 1398 ita
1395 1341 1429 1398 ut

253 1445 495 1529 interpretemur
523 1445 627 1525 deren,
657 1444 765 1508 inveni
787 1442 863 1516 177
892 1472 935 1502 z
962 1444 1025 1508 596
1052 1471 1095 1501 z
1120 1442 1156 1512 V
1177 1444 1217 1508 90
1243 1468 1283 1502 ::
1307 1441 1365 1508 VI
1387 1443 1427 1505 66

254 1551 555 1636 (5555551),ΙΠ7
581 1551 781 1635 (55115551),
804 1549 841 1618 V
858 1553 944 1615 1210
968 1554 1198 1636 (aequaeuam).

608 1803 639 1884 2)
668 1799 720 1864 De
743 1799 1071 1886 particularemque.

237 1978 238 1983 ’
361 1960 397 2025 Ρ.
427 1981 587 2046 reamque,
622 1982 702 2046 quae
737 1961 843 2025 trioies
873 1968 978 2025 exstat
1006 1961 1039 2024 in
1069 1960 1205 2024 carmine
1237 1959 1427 2024 Lucretiano

254 2069 450 2154 primumque
480 2068 654 2133 sententiae
683 2066 788 2133 looum
812 2068 947 2149 obtinet,
970 2068 1062 2152 longe
1086 2068 1229 2154 plurimis
1253 2067 1330 2131 loeis
1355 2075 1427 2131 ante

255 2174 396 2241 voeaiem
419 2176 571 2240 collocata
593 2184 643 2240 est
664 2174 683 2238 I
708 2179 782 2257 330,
806 2177 880 2256 336,
895 2177 971 2256 469,
987 2177 1061 2256 820,
1082 2177 1274 2256 959,1107,
1296 2174 1333 2240 Π
1354 2177 1428 2254 246,

254 2285 334 2363 483,
359 2285 535 2363 507,”510,
558 2285 633 2362 803,
658 2285 761 2363 1015,
783 2282 839 2345 ΠΙ
859 2284 940 2363 685,
963 2282 1019 2349 IV
1036 2284 1087 2363 76,
1114 2279 1187 2363 920,
1212 2285 1307 2362 1032,
1332 2284 1428 2361 1041,

257 2392 352 2469 1078,
384 2393 487 2469 1253,
516 2389 553 2456 V
577 2391 651 2469 187,
681 2390 755 2469 675,
785 2391 861 2468 829,
892 2392 987 2453 1454.
1038 2389 1208 2454 Praeterea
1230 2412 1260 2475 p.
1283 2410 1428 2472 reumque

254 2496 359 2581 posita
382 2503 526 2560 estante
549 2503 772 2561 consonantes:

361 2625 397 2667 e:
421 2602 528 2667 1404
552 2606 706 2689 (namque
729 2588 850 2686 eones);
873 2602 909 2672 V
934 2606 1154 2689 1415515555
1181 2603 1284 2687 Ceres)

361 2711 397 2794 f:
420 2710 476 2777 IV
501 2712 564 2776 653
589 2714 743 2796 (reumque
765 2711 974 2795 1155155515).

362 2839 416 2882 m:
440 2816 496 2879 HI
521 2820 585 2882 189
608 2823 763 2903 (eumque
784 2823 953 2901 movetur).

358 2947 401 3008 p:
425 2922 585 3008 114531)
608 2929 762 3010 (eumque
780 2926 985 3010 papaveris);
1008 2925 1064 2988 ΙΠ
1088 2927 1161 2990 196.

361 3053 398 3095 s:
422 3030 477 3099 VI
502 3034 585 3096 1281
611 3034 765 3117 (eumque
787 3037 884 3116 suos).

363 3160 403 3202 5.·
426 3137 482 3207 IV
506 3141 592 3204 1049
615 3143 770 3224 (nomque
792 3141 1011 3226 uoluptatem).

362 3244 450 3311 Usus
473 3253 578 3310 autem
602 3254 651 3309 est
672 3254 767 3332 poeta
788 3245 847 3310 hae
870 3247 1024 3333 particula
1047 3246 1159 3311 eodem
1180 3246 1275 3312 modo
1298 3268 1334 3310 ao
1357 3268 1429 3332 par-

255 3352 351 3416 tieula
380 3374 461 3418 raum
491 3360 524 3416 et
553 3352 594 3416 ad
617 3375 743 3417 eausam
765 3361 821 3418 aut
835 3349 1086 3442 'explicationem
1112 3352 1318 3419 adferendam
1340 3353 1430 3418 velut

255 3459 273 3522 I
298 3462 371 3541 330,
396 3462 477 3541 336,
499 3459 537 3523 Π
560 3462 634 3541 246,
659 3464 740 3542 507,
768 3463 825 3526 HI
849 3465 912 3528 685
937 3461 1025 3543 alibi,
1055 3470 1087 3526 et
1116 3461 1157 3526 ad
1186 3483 1253 3543 rem
1276 3460 1429 3545 exemplis

255 3566 356 3631 fusius
378 3566 596 3632 illustrandam
620 3567 708 3633 velut
730 3568 768 3632 Π
791 3573 874 3651 453,
896 3569 953 3632 ΠΙ
977 3573 1051 3649 189,
1076 3571 1156 3650 196,
1179 3568 1216 3638 V
1240 3571 1291 3633 14.

363 3782 384 3849 1)
403 3780 555 3835 Lambinus
574 3800 683 3838 versum
702 3784 755 3838 453
773 3801 892 3852 numque
906 3784 1056 3854 papaueris
1076 3825 1081 3837 .
1102 3824 1108 3836 .
1129 3825 1135 3837 .
1155 3783 1227 3837 male
1245 3783 1318 3836 inter
1336 3799 1361 3837 v.
1376 3782 1429 3836 452

243 3880 311 3924 'esse
329 3872 427 3938 moyes,
447 3872 549 3939 11551115
565 3914 570 3925 .
587 3914 592 3925 .
609 3914 615 3926 .
634 3877 662 3926 et
676 3874 729 3927 454
746 3890 795 3926 nee
813 3874 966 3926 retinentur
984 3874 1058 3926 euim
1074 3915 1079 3926 .
1096 3915 1101 3926 .
1118 3915 1123 3925 .
1143 3873 1337 3943 interpositum
1352 3875 1429 3925 ratus

255 3959 356 4014 delevit
375 3977 495 4030 eumque
512 3962 599 4015 secuti
618 3969 683 4016 sunt
698 3963 873 4017 Purmannus
888 3973 915 4016 et
929 3963 1040 4017 Munro.
1075 3963 1115 4015 At
1133 3979 1195 4016 meo
1213 3961 1316 4016 iudicio
1334 3978 1429 4016 versus

256 4049 363 4103 nullam
381 4050 564 4105 offensionem
583 4051 697 4121 praebet
715 4051 866 4105 dummodo
885 4068 948 4106 eum
968 4051 1100 4107 Goebelio
1119 4051 1210 4121 (Obss.
1230 4068 1256 4121 p.
1272 4053 1318 4120 45)
1336 4068 1361 4106 v.
1376 4053 1429 4106 453

255 4143 320 4193 unte
339 4141 391 4194 455
410 4157 505 4210 ponas.
