2978 4822
822 335 863 399 10

267 531 421 614 13’)
412 554 445 594 1n
469 530 657 616 opponenda
680 529 850 616 aliquare,
873 552 953 615 quae
976 552 1010 594 re
1030 551 1105 594 vera
1127 537 1177 594 est
1199 528 1250 594 vel
1273 528 1320 608 fit,
1338 551 1476 614 prae

255 640 369 703 missae
392 639 438 702 rei
460 644 609 722 negatae,
632 643 752 723 tump.
776 636 917 725 attidem
941 635 1096 722 significat
1118 658 1155 700 ac
1177 642 1252 700 nost
1252 658 1319 698 rum
1344 637 1476 700 663666

255 747 341 810 aber.
378 744 478 810 Cuius
501 767 577 808 usus
601 744 772 830 particulae
795 750 831 809 at
853 720 998 830 exempla
1021 750 1070 807 sat
1070 744 1097 808 is
1120 765 1191 807 rara
1213 749 1296 807 sunt
1330 715 1476 834 Apud

255 852 437 916 Lucretium
460 851 538 915 haec
561 858 687 915 exstant
709 850 870 938 exempla:
893 850 950 918 IV
970 852 1035 915 669
1060 871 1126 935 qam
1142 871 1229 936 prop
1231 855 1279 914 666
1301 870 1434 914 66666666
1475 895 1476 900 1

254 980 350 1023 6666666
373 980 503 1044 saepem
526 960 616 1023 666666
634 959 724 1042 potis
740 964 795 1040 cst,
820 964 856 1023 at
870 979 960 1022 63663
976 957 1120 1043 accipere
1136 963 1245 1035 catam·
1269 954 1325 1024 VI
1342 958 1433 1020 1169

254 1067 307 1130 6666
335 1067 413 1130 adeo
439 1087 551 1150 posses
581 1066 739 1150 cuiquam
770 1067 835 1130 6666
867 1070 1020 1149 tenveque
1050 1064 1206 1128 6666666663
1240 1069 1360 1128 6666666
1393 1063 1435 1127 ia

255 1173 447 1254 utilitatem,
481 1178 518 1237 at
547 1178 683 1237 acutam
716 1178 746 1237 et
777 1172 905 1256 stipere
935 1193 1072 1260 semper.
1130 1168 1233 1236 Ccdd.
1265 1169 1325 1234 hcc
1355 1169 1434 1234 loco

253 1279 408 1366 praebent
430 1281 474 1344 ad
496 1285 639 1344 6666666666.
686 1277 751 1344 Sed
774 1278 903 1343 Lachm.
927 1277 1045 1364 optime
1070 1283 1106 1343 at
1127 1283 1263 1342 6666666666
1285 1276 1435 1358 coniecit,

255 1409 334 1472 quae
367 1386 547 1452 coniectura
577 1386 739 1450 lenissima
771 1385 943 1470 eademque
980 1384 1245 1472 probabillissima
1275 1391 1325 1449 est
1354 1383 1435 1448 ideo

255 1493 340 1579 quod
356 1493 425 1558 aliis
442 1516 566 1580 quoque
586 1493 664 1558 locis
680 1493 826 1557 carminis
843 1491 1025 1557 Lucretiani
1048 1491 1080 1555 in
1096 1490 1188 1556 codd.
1211 1492 1255 1556 ud
1277 1490 1436 1578 scriptum

253 1601 388 1686 legimus
411 1623 469 1686 pro
492 1607 536 1666 at.
585 1600 625 1665 cf.
647 1599 778 1665 Laehm.
801 1598 842 1664 ad
864 1599 947 1662 hunc
969 1598 1082 1663 locum.

361 1725 393 1810 d)
409 1725 486 1790 satis
502 1723 613 1790 crebro
629 1727 661 1788 in
677 1723 865 1790 assumenda
881 1723 1055 1810 syllogismi
1070 1724 1288 1810 propositione
1299 1724 1436 1806 minore,

255 1854 349 1917 quam
378 1839 494 1898 vocant
520 1832 628 1918 logici,
660 1830 877 1897 velut1440
902 1852 960 1917 sqq
987 1837 1159 1916 praeterea
1183 1852 1301 1917 perse
1323 1834 1433 1914 quod-

255 1961 395 2023 cumqae
425 1939 502 2022 6666,
536 1944 598 2004 cat
625 1939 727 2023 faciet
756 1939 837 2023 qaid
867 1990 873 2004 .
902 1990 908 2004 .
937 1990 943 2004 .
976 1943 1068 2004 6666.
1097 1990 1103 2004 .
1132 1991 1138 2003 .
1165 1944 1257 2005 eat.
1285 1990 1292 2003 .
1400 1946 1438 2005 at

254 2047 361 2130 facere
392 2052 423 2111 66
451 2046 552 2131 serapi
580 2047 652 2111 36666
683 2067 814 2131 empore
842 2047 939 2110 6666666
963 2051 1072 2131 potest
1093 2067 1160 2128 663,
1190 2067 1250 2111 aec
1274 2045 1437 2130 praebere

255 2155 363 2264 63666666
388 2205 395 2218 .
423 2205 430 2218 .
458 2180 490 2233 .,·
524 2175 596 2238 erpo
628 2205 635 2219 .
670 2205 677 2219 .
710 2180 737 2232 .,·
773 2156 836 2218 543
875 2155 923 2239 (at
954 2153 1113 2238 qacaicm
1139 2204 1145 2217 .
1174 2203 1181 2218 .
1209 2154 1246 2237 .);
1281 2154 1341 2216 581
1386 2156 1438 2240 (at

192 2331 193 2334 Ἴ
255 2261 416 2346 quereiam
443 2312 450 2326 .
478 2313 484 2326 .
513 2275 553 2340 .’,·
577 2260 614 2324 Π
640 2259 895 2340 3161111663,
920 2262 994 2340 515,
1018 2261 1098 2339 629;
1119 2258 1157 2327 V
1182 2260 1246 2324 364
1269 2258 1381 2344 616666)

361 2390 390 2470 6)
412 2385 445 2448 in
469 2383 636 2449 obicienda
665 2384 769 2469 aliqua
798 2406 850 2449 re:
896 2383 915 2447 Ι
946 2387 1010 2449 863
1044 2390 1092 2466 ,at
1113 2384 1293 2467 manifesta
1312 2386 1436 2469 palam

255 2514 306 2556 663
328 2492 510 2556 6666663666
495 2492 649 2576 aliquia,
651 2492 691 2556 666
720 2513 823 2556 caras
854 2491 972 2556 66663.
1036 2512 1126 2556 ,663
1155 2492 1265 2556 omnis
1292 2513 1436 2557 66636666

256 2598 434 2682 utique..
463 2603 502 2664 .·6
490 2599 700 2678 ,scilicet⁸
722 2601 838 2678 .,·897
863 2603 911 2681 ,at
934 2541 1029 2684 saepe
1051 2599 1090 2663 666
1113 2598 1309 2682 aspersus
1329 2619 1433 2663 66366-

256 2706 400 2770 6666636
385 2706 549 2791 saquis,
555 2712 594 2771 666
581 2706 708 2771 66663
740 2706 913 2770 arboribus
945 2705 1058 2770 6636666
1089 2705 1265 2770 cucumim
1295 2725 1437 2770 samma

257 2819 441 2878 6666666666.
505 2817 545 2892 ,6
578 2814 734 2878 seilicet.
799 2811 909 2893 .,·ΙΠ
938 2814 1034 2897 3566)
1065 2818 1112 2896 ,at
1142 2812 1282 2882 dimissu
1313 2812 1476 2878 66666663
1475 2827 1476 2898 ,

1475 2933 1476 2996 l

363 3029 383 3096 1)
409 3028 505 3082 Liceat
529 3026 575 3081 hic
600 3043 814 3081 commemorare
837 3026 998 3080 Lucretium
1023 3025 1188 3097 particulam
1214 3025 1293 3095 atqui
1317 3042 1437 3096 prorsus
1475 3031 1476 3094 )

254 3117 390 3172 vitavisse.
428 3116 522 3183 Quare
542 3115 663 3186 Briegeri
682 3115 792 3185 (Philol.
812 3115 979 3186 XXVIIp
998 3117 1032 3171 48
1051 3120 1079 3169 66
1097 3116 1127 3169 in
1146 3115 1266 3170 editione
1285 3116 1345 3183 sua)
1366 3133 1436 3170 con·
1475 3099 1476 3184 6

255 3207 309 3261 6636
310 3223 368 3273 ura,
387 3223 443 3276 qua
457 3223 520 3260 cum
535 3205 655 3261 Juntina
668 3205 815 3259 editione
808 3223 837 3258 1n
851 3205 900 3258 III
916 3206 968 3260 529
983 3222 1033 3275 pro
1047 3204 1126 3259 codd.
1141 3204 1226 3275 script
1228 3222 1278 3258 ma
1291 3205 1439 3260 scinditur
1475 3219 1476 3242 ³

255 3302 334 3365 atque
352 3295 434 3350 scribi
452 3295 513 3349 vult
531 3295 670 3348 scinditur
688 3296 767 3364 atqui
784 3294 982 3348 reiciendat
941 3298 982 3348 666
1000 3311 1098 3364 neque,
1117 3294 1185 3364 sip.
1205 3300 1283 3363 atqui
1279 3294 1416 3348 't'Lucre
1394 3299 1438 3350 tro

254 3386 283 3438 in
302 3402 355 3438 usu
377 3384 489 3451 fuisset,
463 3385 671 3468 tpostposita
698 3389 781 3451 esset,
809 3383 875 3454 quia
902 3390 930 3438 ct
955 3399 1066 3454 quoque
1091 3383 1229 3453 particula
1254 3382 1329 3453 apud
1355 3383 1439 3440 hunc
1475 3437 1476 3456 ,

255 3478 366 3544 poetam
385 3491 494 3544 semper
511 3474 632 3544 primum
650 3473 769 3527 sentent
748 3478 804 3527 trae
822 3473 946 3528 locumt
934 3477 1017 3526 t.enct

363 3563 383 3632 ²)
403 3563 493 3617 Suo
485 3580 544 3616 rure
564 3562 726 3630 Lambinus,
745 3561 963 3629 Boclremueller,
982 3560 1165 3616 Susemihlius
1185 3560 1294 3629 (Philol.
1309 3560 1439 3618 XXVII

254 3671 281 3723 p.
302 3654 334 3706 37
355 3654 414 3723 sq),
433 3651 578 3706 Vahlenus
597 3651 670 3713 (Iud.
690 3650 751 3706 lect.
771 3650 886 3718 hibern,
905 3650 1027 3705 Berolini
1049 3651 1165 3721 1881682
1184 3669 1211 3721 p.
1233 3653 1276 3719 17)
1298 3649 1441 3708 hocloco
1475 3673 1476 3676 ¹

255 3759 281 3812 p.
301 3747 330 3795 ct
348 3740 531 3796 obiectioncm
550 3741 645 3794 inferri
664 3740 845 3795 contendunt.
883 3740 958 3794 Nam
978 3744 1097 3810 poetam,
1119 3744 1266 3810 postquam
1285 3740 1314 3792 in
1332 3757 1358 3794 v.
1379 3742 1441 3798 350

255 3847 314 3901 sqq,
332 3830 404 3886 dixit
422 3847 485 3884 eum
504 3847 602 3898 errare,
622 3830 670 3900 qui
689 3830 784 3885 credat
803 3831 925 3883 animam
946 3829 1032 3883 solam
1052 3828 1188 3900 suscipere
1206 3834 1322 3896 motum,
1348 3845 1440 3899 quern

255 3937 367 3973 sensum
390 3918 576 3990 appellamus,
602 3921 768 3990 perrexisse:
796 3925 825 3974 at
849 3919 970 3973 dimissa
988 3919 1086 3972 36666666
1105 3937 1202 3988 corpas
1221 3918 1441 3987 raimundique

254 4027 338 4062 3666366
360 4009 486 4079 equidem
511 4009 579 4063 mihi
604 4009 770 4079 persuadere
794 4026 849 4064 nou
873 4025 994 4079 possum.
1031 4008 1091 4061 Aut
1116 4008 1201 4078 igitur
1218 4007 1247 4060 in
1268 4025 1292 4060 v.
1312 4009 1365 4062 356
1384 4009 1441 4063 ob-

254 4097 336 4151 iectio
355 4098 503 4152 statuenda
521 4102 563 4152 cst
582 4102 644 4164 aut,
669 4098 744 4168 quod
764 4098 855 4151 minus
874 4097 973 4168 placet,
992 4115 1018 4151 v.
1038 4099 1089 4152 356
1108 4114 1167 4167 sqq.
1186 4096 1295 4151 delendi
1315 4100 1382 4149 sunt
1402 4105 1441 4152 ut

254 4187 315 4242 vuli
334 4187 446 4242 Lctzius
466 4187 577 4256 (Philcl.
596 4188 657 4242 VII
676 4206 703 4258 p.
724 4189 775 4241 722
794 4193 854 4256 sq).
