2978 4822
631 323 673 388 63

176 523 203 584 1.
226 515 456 584 Indicativum:
1100 583 1102 588 ,

174 631 203 712 9)
225 624 401 713 praesentis
424 623 480 691 HI
497 628 560 691 979
585 647 630 711 sq.
660 626 794 712 (respice
816 627 896 691 item
919 647 1021 711 quam
1044 625 1096 689 nii
1116 626 1160 689 ad
1181 646 1242 689 nos

76 740 145 798 ante
164 739 238 798 aeta
262 739 404 798 vetustas
428 734 583 818 temporis
606 734 731 798 aetam
758 734 875 817 fuerit,
906 753 1008 818 qnam
1035 733 1208 796 nascimur
1217 736 1241 815 1)

76 844 173 927 ante),·
198 840 254 909 VI
271 843 333 905 179
356 838 528 926 (fulqorem
544 840 711 905 cernimus
734 847 913 925 antequam
938 841 1100 904 tonitrum
1121 838 1242 924 accipi-

75 950 171 1034 mus),
204 950 267 1013 979
291 969 337 1033 sq.
373 949 447 1030 (hoe
469 948 569 1012 etiam
592 953 747 1032 superest,
777 949 854 1033 ipsa
884 967 985 1031 quam
1014 947 1119 1011 decem
1148 947 1186 1010 de
1208 966 1243 1008 re

75 1053 240 1139 adpredior
262 1056 350 1139 qued
371 1055 547 1118 dicendum
565 1055 666 1140 prius
689 1076 755 1118 esse
777 1055 938 1139 uidetur),·
968 1052 1028 1117 hoo
1051 1052 1122 1117 loeo
1146 1051 1187 1117 de
1208 1074 1243 1116 re

75 1160 176 1226 fliium
199 1183 302 1226 sermo
325 1169 382 1226 999

175 1268 207 1352 b)
229 1267 363 1355 perfecti
390 1268 484 1354 logici
512 1267 567 1338 IV
590 1272 653 1334 881
691 1272 805 1355 (quam
831 1321 837 1334 .
866 1319 872 1334 .
894 1267 1045 1355 prouidit
1069 1319 1076 1334 .
1104 1319 1110 1333 .
1136 1269 1263 1352 ante),··

75 1375 125 1444 VI
149 1378 207 1440 901
236 1397 282 1462 sq.
310 1381 502 1462 (antequam
526 1376 656 1462 tetiqit).

176 1487 204 1568 c)
234 1482 367 1570 perfecti
396 1481 541 1547 histo1ioi
569 1482 625 1552 lV
655 1487 720 1548 833
751 1505 797 1568 sq.
832 1486 901 1566 (nec
930 1483 1001 1567 fuit
1031 1487 1108 1546 ante
1137 1481 1245 1546 eidem

16 1673 17 1682 ἶ
75 1592 240 1655 ocumrnm
264 1591 395 1656 lumina
412 1596 542 1672 natum,
568 1612 627 1655 nec
649 1591 746 1655 dictis
769 1612 862 1654 orare
880 1587 981 1676 prius
1004 1611 1106 1674 quam
1130 1589 1245 1672 linqua

76 1699 235 1782 ereatast),
267 1698 330 1763 836
355 1719 401 1783 sq.
431 1699 609 1783 (multoque
640 1704 765 1763 creatae
792 1703 874 1762 sunt
891 1698 992 1782 prius
1022 1717 1120 1761 aures
1143 1717 1244 1781 quam

75 1826 173 1868 sonus
196 1810 244 1869 est
265 1805 422 1890 auditus).

15 1915 17 1996 9

15 1997 17 2024 9

15 2097 17 2142 9

15 2151 17 2184 r

177 1911 210 1997 d)
232 1911 329 1976 futuri
358 1911 396 1981 V
420 1914 483 1977 119
507 1934 575 1998 sqq.
606 1916 688 1997 (qua
707 1913 808 1996 prius
831 1912 1004 1996 adqrediar
1027 1933 1128 1996 quam
1151 1912 1189 1974 de
1211 1931 1246 1974 re

75 2020 211 2102 [undae
233 2020 307 2103 fata
332 2070 517 2086 ......
542 2021 650 2086 muita
674 2020 735 2084 tibi
757 2019 927 2104 eapediam
952 2070 959 2084 .
987 2023 1018 2103 .).

179 2130 208 2191 2.
231 2125 492 2192 Coniunciivum:

178 2238 207 2318 9)
230 2234 405 2321 praesentis

179 2347 211 2427 a)
234 2341 266 2405 in
291 2344 455 2407 sententiis
479 2343 626 2407 universe
655 2340 749 2406 dictis
772 2340 828 2405 ΠΙ
853 2343 914 2406 391
941 2363 1007 2426 sqq.
1031 2343 1145 2425 (usque
1168 2341 1246 2405 adeo

73 2450 168 2532 prius
198 2455 246 2514 est
273 2450 313 2514 in
344 2451 439 2515 nobis
468 2451 576 2516 multo
606 2450 760 2515 ciendum
789 2450 950 2516 semina.
979 2500 986 2513 .
1015 2500 1021 2514 .
1048 2469 1149 2532 quam
1167 2449 1244 2532 pri-

14 2601 15 2622 i
76 2557 202 2621 mordia
224 2557 406 2622 sentiscant
430 2609 436 2622 .
465 2609 472 2623 .
500 2609 507 2622 .
533 2563 565 2622 et
586 2579 688 2642 quam
706 2557 841 2642 possint
862 2561 1081 2638 conuersare);
1104 2555 1140 2624 V
1161 2557 1246 2620 1932

67 2661 119 2749 sq.
149 2669 286 2747 (cornua
315 2669 397 2729 nata
422 2665 523 2749 prius
554 2665 659 2728 rritulo
689 2684 791 2748 quam
823 2664 992 2747 frontibus
1022 2668 1145 2744 eatent,
1179 2663 1248 2727 iltis

14 2815 15 2828 ,
76 2771 183 2836 tratas
202 2772 289 2855 petit
313 2822 320 2838 .
348 2775 386 2856 .);
415 2771 629 2856 V1903sq.
660 2773 840 2854 (multaque
858 2775 1028 2855 praeterea
1046 2770 1147 2854 prius
1175 2770 1248 2854 ipso

14 2921 15 2928 1
78 2883 161 2943 taeta
183 2900 303 2965 uapore
327 2879 458 2944 eminus
477 2879 654 2944 ardescemt
668 2899 770 2963 quam
786 2878 972 2943 comminus
994 2877 1126 2942 imbuat
1139 2877 1248 2960 iqnis).

180 2992 212 3073 p)
235 2986 267 3050 in
291 2988 473 3066 sententie,
502 2986 534 3050 in
558 2985 672 3071 quibus
695 3008 746 3051 res
769 2986 814 3050 ita
837 2994 887 3050 est
909 2992 1089 3071 comparata
1111 2991 1147 3047 ut
1169 2991 1248 3047 tem-

75 3090 191 3177 poralis
227 3095 402 3158 sententiae
440 3093 522 3158 actio
559 3115 622 3157 non
659 3095 799 3175 eveniat,
836 3090 893 3158 sed
928 3093 1051 3157 actione
1083 3091 1248 3180 primariae

77 3200 249 3265 sententiae
272 3199 475 3289 prohibeatur
501 3199 556 3266 III
580 3203 644 3266 829
669 3223 715 3286 sq.
743 3202 908 3283 (recedunt
925 3201 1027 3286 pulsa
1046 3200 1249 3285 prinsquam

14 3365 15 3402 3
77 3307 157 3391 quid
178 3314 317 3374 noceant
337 3309 459 3374 sentire
482 3313 668 3393 queamus),
703 3310 764 3372 957
790 3330 835 3393 sq.
859 3310 902 3389 (et
923 3307 1139 3393 necopinanti
1160 3327 1249 3371 mors

14 3403 15 3424 ¹
76 3416 118 3479 ad
140 3421 241 3502 eaput
262 3416 392 3481 adstitit
413 3421 490 3480 ante
513 3437 615 3500 quam
637 3420 733 3480 satur
761 3435 799 3480 ac
817 3415 940 3500 plenus
958 3414 1068 3500 possis
1090 3413 1249 3477 discedere

14 3569 15 3608 ᾗ
76 3529 212 3605 rerum);
235 3523 281 3604 V,
305 3526 387 3604 3905
409 3522 465 3591 VI
488 3524 553 3588 463
578 3525 664 3607 (ante
691 3573 697 3588 .
726 3574 732 3588 .
761 3574 767 3587 .
794 3543 895 3607 quam
914 3520 1066 3606 possint).

181 3630 213 3716 b)
247 3630 443 3718 imperiecti3
479 3630 624 3695 omnibus
659 3637 764 3694 autem
798 3629 893 3709 locie,
932 3627 1046 3714 quibus
1080 3625 1249 3715 particulas

77 3744 255 3823 antequam
278 3745 310 3803 et
328 3740 531 3824 priusquam
559 3738 779 3803 coniunctivae
809 3735 984 3823 imperfecti
1015 3735 1169 3820 sequitur,
1198 3756 1249 3799 res

77 3846 122 3909 sic
144 3868 179 3911 se
201 3845 310 3927 habet,
340 3853 376 3909 ut
403 3847 561 3911 sententia
583 3845 749 3932 temporali
772 3842 957 3930 simpliciter
979 3841 1251 3908 circumscribat-ur

77 3961 214 4041 tempus,
243 3961 316 4018 ante
340 3952 426 4039 quod
448 3953 531 4018 actio
555 3953 729 4018 sententiae
759 3951 925 4038 piimariae
954 3951 1009 4015 fiat
1016 3975 1025 4032 3
1054 3951 1086 4014 in
1117 3948 1249 4035 epodosi

185 4189 205 4258 ¹)
224 4187 267 4241 De
286 4185 423 4258 praesenti
442 4186 477 4240 ci.
497 4184 643 4253 christino,
665 4190 782 4255 quaesti.
803 4183 985 4238 Lucretianee
1003 4199 1030 4253 p.
1046 4182 1084 4235 ’12
1103 4199 1142 4252 sq.
1176 4183 1177 4186 ’
