2978 4822
572 1022 574 1026 .
606 934 756 1056 Vita.

198 1253 301 1316 Natus
325 1275 394 1316 sum
424 1249 669 1315 Theobaldus
700 1249 910 1314 Edelbluth
938 1248 1113 1333 Dillingae,
1135 1249 1168 1311 in
1191 1250 1265 1312 vico

92 1360 275 1446 provinciae
303 1359 483 1436 Rhenauae,
510 1381 536 1422 a.
564 1358 594 1421 d.
622 1356 675 1422 VI
703 1356 777 1420 Kal.
805 1355 893 1442 Sept.
921 1357 996 1420 anni
1023 1355 1116 1418 huius
1147 1355 1266 1419 saeculi

92 1466 210 1531 LXVI
237 1475 326 1551 patre
350 1465 465 1529 Petro
488 1464 683 1544 Eduard0,
710 1473 810 1528 matre
839 1463 960 1526 Maria
989 1485 1006 1526 e
1033 1470 1128 1547 gente
1151 1460 1265 1525 Edel-

92 1573 188 1651 blut,
212 1594 343 1657 quorum
367 1573 456 1636 illum
480 1581 679 1658 praematura
702 1580 803 1634 morte
822 1570 900 1633 mihi
919 1577 1063 1655 ereptum
1082 1591 1151 1633 esse
1171 1567 1264 1633 valde

92 1681 195 1764 lugeo,
223 1679 304 1743 hanc
334 1680 537 1766 superstitem
567 1701 637 1744 esse
667 1699 857 1764 magnopere
887 1676 1018 1761 gaudeo.
1072 1676 1265 1740 Litterarum

93 1787 256 1850 elementis
286 1785 427 1850 imbutus
457 1788 578 1849 infirma
608 1785 792 1850 valetudine
821 1784 993 1870 impeditus
1022 1792 1112 1847 sexto
1142 1783 1265 1847 decimo

92 1893 219 1956 demum
243 1915 325 1955 anno
349 1893 462 1955 aetatis
485 1913 574 1956 meae
597 1891 739 1954 scholam
763 1889 1054 1968 Saarlouisiensem,
1081 1898 1266 1974 quamtum
1327 1943 1329 1948 .

92 1998 252 2065 vocabant
273 1997 391 2062 hohere
414 1997 647 2083 biirgerschule,
674 1996 790 2061 deinde
813 1997 1010 2082 gymnasium
1034 1996 1266 2082 Dionysianum

92 2106 274 2170 Rheinense
296 2105 507 2190 frequentavi,
531 2103 617 2190 quod
637 2127 711 2169 vere
732 2127 759 2167 a.
774 2103 804 2168 h.
821 2127 844 2168 s,
861 2103 1069 2168 LXXXVII
1084 2105 1266 2167 testimonio

93 2213 179 2298 quod
209 2220 326 2278 vocant
355 2213 546 2304 maturitatis
578 2213 752 2276 instructus
782 2211 905 2295 reliqui.
962 2210 994 2273 A
1023 2232 1131 2274 mense
1162 2210 1267 2296 Aprili

93 2320 235 2384 eiusdem
269 2321 344 2382 anni
377 2342 435 2406 per
468 2327 518 2384 ter
546 2341 639 2384 senos
670 2340 794 2383 menses
824 2320 857 2381 in
888 2318 1056 2382 seminario
1086 2316 1266 2402 theologico

93 2427 277 2491 Trevirensi
312 2427 426 2491 studiis
461 2426 690 2513 philosophicis
725 2434 759 2490 et
791 2424 979 2510 theologicis
1020 2447 1148 2510 operam
1183 2422 1267 2488 dedi.

94 2532 218 2597 Deinde
256 2532 449 2598 academiam
485 2534 604 2619 regiam
636 2533 921 2597 Monasteriensem
953 2531 1027 2609 adii,
1063 2530 1118 2595 ubi
1153 2531 1266 2594 studiis

94 2638 293 2726 philologieis
323 2663 381 2726 per
411 2642 509 2704 octies
540 2662 633 2703 senos
664 2661 787 2704 menses
818 2638 945 2702 deditus
976 2637 1128 2701 docentes
1158 2637 1267 2702 audivi

93 2746 273 2810 V.V.D.D.
296 2747 533 2832 Hagemann,
551 2746 697 2823 dosteS,
715 2746 918 2830 Koerting,
941 2744 1109 2829 Langen,
1127 2743 1268 2808 Milch-

93 2852 241 2932 hoefer,
274 2853 461 2934 NiehueS‚
495 2853 709 2930 Nordhoff‚
743 2852 924 2938 Spicker,
959 2849 1086 2930 Stahl,
1121 2849 1267 2915 Storch.

93 2958 218 3024 Ibidem
241 2962 400 3023 seminarii
423 2960 617 3046 philologici,
645 2962 697 3024 cui
719 2968 871 3046 praesunt
890 2958 981 3023 V.V.
997 2958 1038 3022 D.
1048 2957 1088 3021 D.
1115 2958 1268 3043 Langen

94 3074 127 3128 et
149 3064 272 3146 Stahl,
295 3090 353 3152 per
375 3076 425 3132 ter
447 3090 541 3132 senos
565 3091 689 3132 menses
713 3066 831 3131 sodalis
847 3066 1126 3142 extraordinarius,
1149 3065 1267 3129 sodalis

94 3171 270 3236 ordinarius
303 3197 361 3258 per
392 3184 504 3258 quater
535 3197 628 3238 senos
660 3196 785 3237 menses
818 3196 917 3251 eram,
954 3196 1086 3257 quorum
1123 3195 1181 3257 per
1212 3195 1269 3237 sex

93 3298 218 3340 menses
249 3280 408 3341 seminarii
438 3281 544 3342 senior
572 3279 630 3342 1111.
682 3278 978 3343 Exercitationibus
1003 3278 1203 3343 Germanicis
1233 3287 1270 3342 ut

92 3385 279 3448 interessem
302 3382 437 3469 benigne
461 3385 606 3471 permisit
629 3383 774 3448 Storck.

200 3490 359 3555 Omnibus
383 3492 460 3556 viris
485 3491 525 3556 de
548 3513 598 3555 me
621 3490 702 3556 bene
725 3491 846 3555 meritis
869 3493 986 3575 gratias
1010 3514 1069 3576 ago
1088 3514 1126 3555 ac
1145 3514 1270 3578 semper

92 3597 217 3662 habebo
240 3601 403 3663 maximas.
