2978 4822
480 796 500 882 ᾖ
531 794 563 864 2.
618 791 675 863 De
702 790 885 887 particulis
913 789 1144 863 disiunctivis.

686 1003 715 1084 1)
738 1000 790 1064 De
813 1024 843 1085 p.
867 1006 935 1064 aut.

333 1165 361 1246 a)
390 1161 426 1225 P.
450 1167 511 1226 aut
539 1163 684 1225 notiones
714 1168 747 1225 et
775 1160 950 1236 sententiae
978 1161 1162 1246 simpliciter
1189 1159 1334 1224 diversae
1363 1169 1396 1222 et

226 1253 399 1332 contrariae
429 1267 651 1353 disiunguntur
679 1267 769 1332 velut
797 1266 918 1348 1223,
949 1270 1027 1344 240,
1051 1271 1129 1348 883,
1159 1266 1197 1330 ΙΙ
1219 1269 1299 1346 421,
1323 1269 1397 1346 641,

187 1378 192 1391 “
227 1379 301 1456 693,
326 1378 399 1456 733,
424 1379 497 1456 782,
522 1378 595 1455 794,
619 1377 693 1454 800,
717 1377 792 1454 825,
817 1377 890 1453 933,
915 1377 988 1455 971,
1013 1376 1113 1453 1036,
1145 1373 1202 1436 ΠΙ
1227 1376 1300 1454 147,
1324 1376 1396 1454 511,

230 1486 304 1564 512,
329 1486 402 1562 514,
427 1484 501 1563 596,
526 1484 599 1562 916,
624 1484 704 1562 992,
735 1481 791 1548 IV
815 1484 866 1563 38,
896 1483 969 1562 146,
994 1484 1099 1564 3011),
1124 1484 1197 1558 575,
1226 1483 1300 1560 591,
1323 1481 1397 1560 663,

227 1592 302 1670 818,
326 1592 399 1669 954,
424 1591 498 1667 960,
521 1591 595 1668 987,
620 1591 715 1668 1017,
741 1590 836 1668 1064,
865 1590 965 1668 1144,
997 1588 1033 1655 V
1056 1590 1164 1669 4102),
1194 1590 1300 1668 5153),
1325 1589 1398 1666 728,

228 1698 303 1776 889,
328 1698 401 1776 910,
426 1698 521 1776 1059,
547 1697 642 1775 1157,
667 1697 767 1775 1329,
790 1694 845 1764 VI
864 1697 936 1774 114,
958 1697 1030 1774 162,
1050 1697 1124 1775 191,
1141 1697 1214 1775 514,
1232 1696 1305 1773 746,
1324 1696 1400 1758 897.

226 1801 370 1867 Eandem
394 1800 595 1886 disiungendi
618 1802 683 1866 vim
706 1825 736 1889 p.
752 1808 813 1867 out
833 1800 929 1866 habet
951 1804 983 1865 in
1007 1801 1306 1886 interrogationibus
1330 1802 1403 1866 sive

227 1908 356 1974 directis
379 1912 469 1993 (228,
492 1909 549 1973 ΠΙ
573 1912 616 1992 7),
639 1911 707 1973 sive
731 1909 892 1973 indireotis
917 1908 982 1992 (VI
1006 1911 1058 1989 87,
1083 1911 1183 1988 1088,
1209 1910 1313 1990 1134).

335 2016 367 2100 b)
398 2016 568 2081 Praeterea
599 2015 639 2080 de
671 2016 806 2102 simplici
843 2039 874 2102 p.
906 2021 968 2079 out
1001 2015 1078 2080 haec
1115 2015 1296 2100 singillatim
1327 2037 1404 2100 per-

228 2122 411 2208 stringenda
434 2145 503 2191 esse
526 2122 692 2191 videntur:

336 2234 367 2313 α)
398 2231 425 2295 si
455 2231 625 2310 sententia,
659 2253 739 2316 quae
769 2229 941 2309 antecedit,
971 2227 1196 2293 condicionalis
1226 2227 1404 2313 eademque

228 2338 376 2423 negativa
398 2337 609 2423 intellegenda
632 2344 689 2416 est,
712 2361 742 2422 p.
758 2342 819 2400 aut
840 2337 1082 2421 interpretamur
1100 2341 1199 2417 00006,
1224 2336 1405 2418 00606900-

228 2445 316 2528 fulls.
365 2443 465 2509 Cuius
488 2466 563 2508 usus
588 2443 732 2528 exempla
754 2442 878 2528 repperi
901 2443 979 2506 haec
1002 2442 1039 2506 H
1065 2445 1164 2523 1043,
1189 2442 1223 2510 V
1249 2445 1342 2508 1024.

336 2555 367 2637 β)
390 2548 515 2614 duobus
545 2551 621 2615 locis
651 2572 709 2636 pro
740 2551 873 2638 simplici
906 2555 967 2614 out
994 2549 1166 2635 particulae
1196 2549 1405 2614 correlativae

225 2659 355 2742 portior
376 2699 411 2704 —
425 2659 554 2742 purtim
583 2658 634 2721 vel
661 2658 754 2722 modo
771 2697 812 2704 —
829 2659 957 2739 000604)
981 2664 1203 2742 exspectantur
1232 2657 1268 2724 V
1297 2659 1405 2737 1329,

230 2764 285 2832 VI
310 2767 395 2829 1184
419 2763 539 2848 (creber
561 2764 690 2849 spiritus
714 2772 768 2828 aut
790 2764 901 2851 ingens
924 2764 1056 2848 raroque
1080 2770 1225 2846 coortus).

337 2998 357 3065 ¹)
377 2995 464 3050 Oodd.
482 2994 598 3049 habent:

229 3088 348 3155 quinqua
366 3086 449 3139 600οι
467 3104 513 3139 000
530 3092 561 3139 ut
579 3086 644 3154 ficri
660 3085 815 3158 simulacro
828 3085 945 3138 0000601.
979 3085 1115 3138 Marullus
1134 3084 1262 3139 coniecit:
1282 3085 1406 3152 pratoque

229 3177 313 3230 00000
331 3194 405 3228 sesac
425 3217 430 3228 .
452 3217 470 3242 .,
495 3193 579 3246 quarn
605 3175 793 3229 coniecturam
818 3175 921 3228 Munro
947 3174 1057 3244 recepit.
1102 3173 1215 3228 Lachm.
1234 3191 1299 3228 vero
1318 3173 1406 3227 nixus

229 3265 274 3320 IV
293 3267 344 3319 575
364 3268 421 3332 (sert
439 3270 523 3319 00000
541 3271 589 3318 out
607 3266 717 3333 septem)
741 3264 830 3318 multo
849 3263 1024 3318 verisimilius
1047 3263 1156 3333 scripsit
1179 3263 1299 3332 quinque
1317 3263 1407 3317 060000

230 3361 349 3422 001000,
369 3354 528 3424 praesertim
549 3371 611 3408 cum
631 3372 658 3423 p.
677 3360 726 3407 aut
744 3360 808 3424 post
826 3355 910 3407 66000
928 3353 1058 3407 facillime
1076 3352 1201 3407 excidere
1220 3355 1320 3423 posset.

339 3444 359 3512 2)
379 3443 492 3498 Lachm.
507 3461 557 3514 pro
572 3449 620 3497 out
639 3443 747 3513 scripsit
761 3449 784 3496 et
803 3449 997 3513 praetereaque
1012 3460 1036 3496 v.
1052 3443 1104 3497 410
1118 3446 1182 3496 ante
1197 3459 1221 3496 v.
1233 3443 1284 3495 409
1299 3443 1406 3511 posuit.

232 3532 287 3588 Sed
306 3532 376 3586 nihil
395 3533 560 3587 mutandum
580 3550 637 3586 0000
656 3531 847 3602 comprobavit
865 3532 968 3586 Munro
987 3532 1014 3584 in
1034 3530 1097 3584 adn.
1117 3530 1152 3584 ad
1171 3530 1246 3585 hunc
1264 3529 1367 3584 locum.

339 3622 359 3690 3)
378 3622 433 3674 Pro
459 3620 537 3674 codd.
558 3622 694 3690 scriptura
720 3627 768 3673 out
793 3620 940 3691 Naugerus
966 3621 1082 3675 coniecit
1105 3627 1148 3674 ast
1171 3638 1241 3690 quac
1265 3620 1408 3690 particula

230 3729 320 3781 neque
340 3709 416 3780 apud
435 3710 595 3763 Lucretium
615 3710 755 3763 invenitur
777 3727 866 3780 neque
892 3710 927 3764 ad
947 3711 1112 3764 sententiam
1132 3709 1257 3780 quadrat.
1287 3709 1406 3764 Lachm.

231 3817 281 3871 pro
300 3805 348 3854 aut
366 3798 462 3853 scribit
479 3800 544 3852 biae
564 3804 591 3852 et
606 3817 630 3851 v.
645 3800 698 3852 514
716 3804 779 3869 post
793 3817 817 3853 v.
833 3802 884 3855 516
904 3800 1032 3865 00110000,
1052 3816 1115 3853 eum
1133 3804 1244 3853 secutus
1263 3804 1305 3852 est
1321 3799 1407 3854 Bern.

231 3888 368 3960 Equidem
383 3905 446 3942 cum
459 3888 605 3956 Munrone,
620 3887 854 3956 Bockemuellero,
871 3887 998 3959 Briegero
1011 3889 1041 3942 in
1055 3887 1133 3942 codd.
1144 3888 1281 3958 scriptura
1295 3889 1408 3959 aquies-

231 3978 349 4034 cendum
367 3982 442 4048 puto.

337 4069 359 4136 4)
379 4067 465 4121 Ηο00
491 4084 571 4120 usum
598 4069 722 4139 Draeger
740 4069 846 4139 primus
873 4067 994 4121 ostendit
1012 4067 1040 4120 in
1064 4066 1148 4133 libro,
1172 4067 1219 4136 qui
1242 4066 1410 4122 inscribitur

232 4158 340 4227 Syntax
359 4157 417 4210 und
436 4156 489 4212 Stil
507 4157 556 4211 des
574 4157 685 4212 Tacitus
704 4161 719 4226 ξ
739 4159 797 4212 129.
