2978 4822
824 299 865 363 38

259 491 345 580 quod
379 492 425 556 illi
458 515 525 559 v.v.
557 492 656 557 mults
688 494 864 574 continent,
902 516 982 580 quae
1013 493 1208 580 probabilem
1239 494 1271 558 in
1303 494 1431 558 modum

258 599 408 688 explicari
430 607 600 685 nequeunt
645 598 817 679 Quomodo
840 602 924 665 enim
948 607 1012 665 stat
1032 600 1126 681 illud,
1155 601 1255 667 nubes
1285 601 1362 666 solis
1394 601 1431 667 de

258 707 374 772 lumine
398 706 497 771 mults
518 706 601 791 ignis
625 708 744 771 semina
767 709 954 793 concipere?
998 707 1073 772 Non
1096 707 1136 772 de
1158 708 1290 789 lumino,
1313 708 1374 773 sed
1397 731 1432 773 eu

257 814 335 879 sotr's
364 813 471 878 radiis
501 815 679 898 ardoreque
709 835 836 895 euenn,
867 822 903 878 ut
933 822 982 879 est
1011 815 1043 878 in
1068 838 1098 880 v.
1123 818 1202 896 273,
1231 815 1334 901 ignem
1360 839 1432 880 oon-

258 921 388 1007 oipiunt
433 919 563 998 Quidve
587 920 647 984 sibi
673 920 742 986 vult
763 920 855 987 illud:
884 926 925 985 ut
945 923 1062 987 neen'to
1088 923 1251 987 rubeant?
1297 922 1351 986 An
1377 922 1432 986 hoo

258 1026 327 1092 sola
350 1026 390 1092 de
413 1049 508 1092 eausa
530 1026 631 1093 nubes
658 1029 771 1093 merito
798 1027 926 1109 rubent,
953 1028 1039 1113 quod
1066 1027 1115 1094 de·
1135 1029 1210 1094 solis
1238 1028 1358 1094 lumine
1387 1053 1433 1094 ar-

259 1134 398 1221 doreque
421 1133 603 1221 oonoipiunt
625 1135 717 1220 ignea
740 1136 873 1216 semina,
900 1157 1002 1221 neque
1025 1157 1102 1201 vero
1129 1136 1215 1221 quod
1241 1144 1355 1201 natura
1379 1161 1432 1201 sua

258 1243 415 1330 permulta
444 1241 477 1305 in
507 1263 541 1306 se
571 1240 689 1307 habent
717 1242 799 1327 ignis
830 1244 971 1308 semina?
1015 1242 1104 1321 Quid
1134 1242 1269 1329 denique
1297 1243 1349 1308 hio
1375 1245 1432 1309 sibi

259 1350 372 1416 volunt
405 1349 516 1415 verbe:
557 1349 680 1432 (nubes)
714 1350 806 1433 tpnes
836 1349 1073 1435 profundunt?
1132 1351 1186 1415 An
1219 1372 1329 1415 vorum
1363 1374 1432 1416 esse

258 1464 351 1544 putas
381 1455 481 1521 nubes
497 1454 590 1541 ¹quod
614 1456 689 1520 solis
714 1479 731 1521 e
754 1454 850 1521 radiis
874 1456 972 1521 multa
994 1457 1178 1544 oonoipiunt
1198 1459 1280 1543 ignis
1304 1461 1433 1538 semina,

258 1563 330 1629 ideo
353 1563 459 1648 ignem
481 1561 695 1649 profundere?
738 1563 818 1628 Ideo
842 1563 971 1629 nubium
995 1564 1082 1657 oolor
1099 1565 1261 1630 flammeus
1280 1572 1313 1629 et
1328 1566 1433 1652 splen-

258 1670 352 1735 didus
383 1692 452 1735 esse
482 1677 603 1755 potest,
632 1691 733 1755 neque
763 1692 840 1735 vero
870 1669 942 1735 ideo
969 1670 1069 1737 nubes
1097 1672 1201 1758 ignem
1228 1671 1432 1758 profundunt

258 1775 341 1842 Tum
371 1775 497 1841 demum
527 1775 726 1862 profundunt
754 1776 860 1863 ignem
889 1799 961 1843 oum
991 1786 1104 1844 ventus
1135 1779 1235 1845 nubes
1269 1802 1368 1844 unum
1402 1783 1431 1843 in

258 1883 361 1948 loourn
400 1905 516 1969 cogens
554 1883 710 1948 contrusit
747 1892 841 1969 atque
879 1887 1073 1972 compressit.
1133 1886 1246 1971 Itaque
1283 1909 1431 1972 perverse

257 1991 363 2056 verbis
392 1991 547 2075 e'qnesque
572 1990 786 2077 profundant
815 1991 846 2056 in
877 2014 907 2057 v.
931 1993 994 2057 210
1025 1992 1086 2056 iarn
1110 1995 1322 2079 praemittitur
1345 1993 1429 2079 quod

259 2100 291 2162 in
319 2099 473 2185 proximis
501 2097 628 2163 demum
651 2098 795 2163 versibus
825 2098 876 2182 (ot.
901 2102 964 2164 212
989 2104 1045 2184 sq.)
1068 2098 1301 2164 demonstratum
1323 2110 1358 2166 et
1381 2124 1431 2165 ex·

259 2205 408 2292 plicatum
437 2203 523 2290 quod
553 2205 639 2268 nullo
666 2204 761 2269 modo
788 2205 855 2270 fieri
885 2215 940 2270 aut
961 2206 1038 2272 ferri
1061 2229 1155 2293 posse
1179 2207 1321 2273 arbitror.
1368 2209 1431 2272 De-

259 2312 353 2399 nique
373 2312 490 2377 similes
506 2312 552 2375 illi
567 2333 717 2376 versuum
736 2312 812 2376 lines
828 2319 994 2378 necessust
1008 2313 1242 2397 (Victorianusz
1266 2321 1431 2398 neeessest)

257 2421 291 2482 in
319 2441 349 2485 v.
374 2420 437 2483 206
468 2425 502 2482 et
530 2423 687 2482 necessest
714 2419 747 2481 in
772 2441 801 2485 v.
826 2421 890 2484 209
921 2420 1126 2506 similiterque
1154 2423 1370 2506 profunderet
1401 2425 1430 2485 in

259 2547 289 2591 v.
314 2526 378 2589 210
402 2531 435 2589 et
453 2523 671 2609 profundunt
692 2525 724 2589 in
748 2548 778 2590 v.
802 2528 866 2590 212
890 2526 936 2590 illi
958 2527 1028 2592 looo
1051 2528 1179 2592 minime
1207 2527 1314 2593 deoori
1345 2539 1431 2610 sunt;

236 2653 446 2717 quamquam
475 2630 548 2695 huie
577 2633 624 2697 rei
652 2654 716 2697 non
748 2655 896 2719 magnum
927 2633 1052 2720 pondus
1084 2634 1198 2699 tribuo.
1254 2635 1315 2700 Illa
1348 2659 1431 2714 vero,

259 2760 339 2824 quae
369 2736 464 2803 modo
495 2740 640 2825 exposui,
670 2762 721 2805 me
751 2747 882 2806 movent
910 2749 946 2805 ut
968 2764 1037 2807 v.v.
1061 2745 1125 2808 209
1156 2750 1190 2807 et
1213 2745 1276 2807 210
1307 2746 1431 2830 spurios

260 2867 331 2911 esse
361 2842 494 2910 credam.
547 2845 754 2932 Nequaquam
784 2855 888 2912 autem
918 2870 988 2912 mea
1018 2847 1057 2914 de
1087 2848 1147 2914 hoo
1176 2849 1245 2914 loeo
1275 2851 1432 2916 sententia

258 2952 438 3037 infringitur
472 2974 537 3018 v.v.
571 2955 633 3017 271
672 2976 739 3040 sqq.
798 2954 896 3033 Quod
936 2956 1019 3019 enim
1058 2955 1103 3020 ibi
1140 2957 1267 3042 legitur:
1310 2958 1431 3044 quippe

260 3059 380 3124 etentrn
409 3080 514 3144 supra
543 3061 640 3124 doeue'
666 3062 835 3146 permulta
867 3063 1000 3149 neporus
1032 3064 1161 3128 senune
1190 3064 1305 3130 leuben
1335 3087 1431 3130 eunus

259 3168 362 3230 nubes
389 3187 452 3229 non
479 3167 609 3253 respicit
636 3166 730 3235 adv.
756 3170 835 3249 206,
866 3176 900 3233 ut
922 3169 1002 3234 falso
1032 3177 1146 3256 putant
1168 3171 1229 3235 viri
1252 3169 1351 3250 dooti,
1374 3170 1430 3236 sed

259 3273 365 3359 potius
388 3272 429 3337 ad
452 3295 482 3338 v.
503 3276 566 3338 176
590 3297 657 3360 sqq.
703 3274 816 3360 Neque
839 3276 922 3340 enim
946 3279 978 3340 in
1003 3299 1032 3342 v.
1053 3279 1116 3341 271
1142 3299 1208 3363 sqq.
1232 3275 1272 3342 de
1295 3278 1430 3343 nubibus

259 3380 294 3444 in
314 3381 497 3445 universum
521 3403 623 3446 sermo
653 3389 702 3446 est
724 3389 761 3446 ut
783 3383 815 3446 in
839 3407 869 3448 v.
893 3385 972 3464 206,
1001 3383 1071 3464 sed,
1098 3368 1134 3448 ut
1156 3384 1189 3447 in
1213 3407 1242 3449 v.
1268 3387 1330 3449 175
1354 3407 1432 3471 sqq„

258 3486 299 3552 de
331 3488 418 3552 cavis
451 3488 601 3570 nubibus,
637 3488 670 3553 in
702 3489 816 3574 quibus
849 3499 963 3554 ventus
995 3491 1169 3556 mobilitate
1202 3513 1259 3556 sua
1290 3491 1431 3557 fervidus

257 3593 359 3658 faetus
383 3595 641 3660 oiroumvolvitur
655 3598 730 3679 (175
748 3618 803 3682 sq.‚
828 3599 891 3662 198
908 3602 994 3682 sqq).
1040 3596 1153 3683 Neque
1171 3598 1272 3684 magis
1288 3599 1431 3685 proxima

261 3701 371 3766 verba:
400 3706 431 3765 et
457 3702 563 3766 multu
590 3708 747 3767 necessest
773 3704 940 3788 eonnpere
963 3727 1002 3769 eu
1024 3706 1102 3770 sote‘s
1124 3707 1231 3770 rudr'e's
1254 3707 1431 3792 ardoreque

259 3829 372 3872 eerurn
400 3812 440 3890 (v.
464 3810 527 3872 272
552 3814 624 3895 sq),
651 3832 731 3895 quae
759 3810 856 3876 verba
882 3811 934 3875 hio
963 3811 1125 3898 aptissime
1153 3812 1262 3878 addita
1288 3821 1364 3878 sunt
1391 3812 1431 3878 ad

259 3913 523 4000 oomprobandam
546 3917 733 3981 sententiam
754 3939 864 3983 versus
881 3920 955 4000 269,
978 3917 1143 3984 referenda
1165 3929 1240 3984 sunt
1262 3919 1349 3987 adv.
1366 3923 1429 3986 206

259 4044 326 4107 sqq.
373 4021 446 4086 Orti
469 4029 573 4086 autem
597 4030 670 4087 sunt
693 4023 740 4088 illi
762 4046 828 4090 v.v.
852 4027 917 4090 209
941 4033 974 4091 et
996 4029 1060 4092 210
1084 4026 1159 4091 inde
1181 4026 1281 4113 quod,
1304 4036 1340 4092 ut
1361 4049 1431 4094 sus-

256 4130 358 4214 pioor,
387 4128 486 4193 leotor
516 4129 643 4215 quidam
672 4129 754 4195 falso
783 4140 870 4196 ratus
893 4132 991 4198 verbs
1021 4139 1051 4198 et
1077 4135 1185 4198 rnuttu
1208 4140 1365 4201 necessest
1389 4176 1429 4184 -
