2978 4822
817 281 858 343 58

730 371 943 378 ——-——.

936 381 939 388 ι

249 474 382 540 eandem
404 475 472 541 fere
496 475 561 540 vim
584 474 680 539 habet
702 497 740 540 ac
761 498 793 560 p.
815 477 847 540 sa'
868 475 925 539 iot.
962 474 1088 540 Horum
1110 473 1251 540 locorum
1268 473 1413 538 sententia

250 581 474 648 condicionalis
497 581 617 646 inealis
640 580 853 668 intellegenda
875 589 933 648 001

356 706 500 793 Reliquis
512 707 600 788 locis,
617 706 731 792 quibus
748 706 909 772 invenitur
924 707 1103 771 coniunctio
1115 706 1184 788 coi,
1195 705 1257 770 loci
1270 706 1415 770 sententia

250 814 385 879 causalis
408 821 458 879 est
480 821 513 878 et
535 838 565 900 p.
580 814 640 878 aot
662 812 747 878 idem
763 813 849 878 valet
863 821 957 899 atque
972 814 1022 878 ici
1037 813 1127 878 0101111
1149 815 1253 894 (duna
1268 813 1415 894 1111101101)

250 921 347 985 1617
373 922 505 1006 (qaappa
526 921 587 985 obi
604 921 756 986 babebit.
777 924 812 1003 .);
835 920 891 984 III
906 923 970 986 430
992 920 1125 1006 (quippe
1144 921 1203 984 abi
1225 924 1415 1001 1000010110

250 1027 304 1095 IV
321 1030 385 1093 432
409 1029 542 1113 (quippe
564 1028 624 1092 aba
652 1033 838 1110 taanenu
865 1027 902 1095 V
924 1029 1008 1091 1156
1029 1049 1074 1113 sq.
1087 1031 1120 1108 ³),
1143 1026 1195 1091 vel
1218 1048 1296 1091 cam
1318 1027 1416 1110 (qaod)

250 1135 299 1198 a‘bc'
314 1134 341 1215 I,
359 1136 421 1199 182
435 1136 567 1220 (qrclppe
583 1135 642 1198 obi
657 1135 786 1218 foreat),
804 1137 866 1200 990
884 1135 1017 1220 (quippe
1032 1134 1244 1216 addisceret).
1268 1132 1417 1199 Omnibus

251 1249 356 1306 autem
386 1241 480 1321 locis,
510 1242 564 1327 qui
594 1241 655 1306 huc
684 1242 856 1328 pertinent,
884 1265 914 1328 p.
937 1242 997 1306 coc·
1022 1240 1184 1328 praecedit
1206 1262 1271 1305 vox
1294 1241 1416 1326 quippe,

251 1350 341 1413 cuius
378 1349 579 1436 significatio,
615 1356 652 1412 ut
687 1350 749 1413 iam
786 1371 882 1436 supra
918 1347 1001 1430 dixi,
1037 1348 1115 1413 baec
1151 1356 1216 1413 est:
1256 1369 1358 1433 acque
1386 1348 1419 1411 111

252 1457 380 1522 miram
403 1462 458 1522 ast.

361 1708 380 1776 ¹)
401 1705 513 1760 Lachm.
535 1705 610 1760 hune
631 1724 740 1760 versum
760 1706 861 1761 delevit
885 1707 965 1777 eique
988 1705 1176 1778 adstipulatur
1194 1706 1338 1762 Gneissius
1356 1705 1380 1774 (l.
1395 1722 1416 1758 c.

254 1815 280 1867 p.
301 1798 333 1850 41
355 1796 442 1866 0110.);
463 1797 543 1850 Bern.
563 1796 641 1850 uncis
660 1796 779 1850 inclusit.
818 1795 873 1851 Sed
892 1797 994 1851 Munro
1013 1801 1042 1850 et
1060 1795 1209 1851 Goebelius
1228 1795 1319 1864 (Obss.
1340 1813 1365 1865 p.
1378 1795 1419 1860 30)

253 1904 305 1941 v.v.
320 1888 373 1943 430
387 1888 482 1941 01433
500 1886 649 1941 servandos
668 1904 726 1940 0000
741 1885 874 1953 iudicant,
893 1887 968 1956 quod
982 1885 1106 1940 versibus
1125 1885 1179 1938 illis
1194 1884 1291 1939 deletis
1305 1883 1418 1953 intellegi

253 1994 309 2031 non
328 1977 416 2047 possit
433 1993 555 2047 quanam
574 1976 650 2030 tenui
669 1976 757 2046 magis
781 1993 865 2030 eausa
888 1976 981 2029 anima
1004 1975 1060 2029 icta
1077 1980 1235 2042 moveatur,
1258 1974 1306 2029 ubi
1325 1973 1419 2027 somnis

253 2067 336 2138 sopiti
355 2084 484 2137 vaporem
503 2067 667 2137 fumumque
686 2065 722 2120 ab
741 2065 875 2120 altaribus
890 2065 1014 2120 exhalari
1028 2065 1175 2134 cernimus,
1194 2063 1246 2118 nisi
1265 2063 1300 2118 de
1317 2063 1419 2117 illorum

254 2157 421 2227 imaginibus
439 2156 602 2226 cogitamus.

362 2265 382 2332 ²)
401 2264 549 2334 Langenus
568 2263 679 2330 (Philol.
698 2263 833 2318 XXXIV
851 2281 878 2334 p.
901 2265 935 2318 33
953 2265 1005 2333 sq.)
1027 2280 1079 2317 v.v.
1099 2263 1151 2316 432
1170 2263 1268 2316 01433
1287 2265 1419 2331 suspectos

254 2371 312 2407 esse
332 2352 444 2406 iudicat.
482 2351 610 2406 Ostendit
628 2351 701 2405 enim
720 2353 748 2405 in
768 2370 793 2406 v.
812 2353 878 2419 433,
901 2353 976 2422 quod
1000 2352 1027 2405 in
1052 2357 1109 2404 tam
1132 2351 1216 2421 longa
1234 2352 1303 2404 serie
1328 2365 1419 2414 rerum,

255 2441 357 2513 quibus
370 2441 490 2495 hominis
505 2458 601 2494 sensus
616 2441 756 2501 fallantur,
776 2440 829 2494 hoc
843 2458 900 2494 uno
914 2441 974 2495 loco
989 2445 1071 2511 poeta
1084 2446 1196 2495 moneat
1210 2458 1244 2494 ne
1259 2440 1320 2510 quis
1335 2438 1419 2493 credat

255 2549 305 2585 nos
324 2530 449 2584 sensibus
468 2529 537 2597 falli,
556 2547 619 2585 cum
639 2529 705 2583 alibi
724 2530 752 2583 in
771 2529 824 2584 hac
843 2531 1051 2584 enumeratione
1069 2531 1136 2584 satis
1159 2529 1288 2584 habuerit
1306 2528 1419 2599 singulos

254 2637 386 2674 sensuum
405 2634 509 2674 errores
528 2636 697 2676 enumerare.
735 2619 821 2674 Putat
844 2623 936 2674 autem
958 2619 999 2674 vir
1021 2619 1196 2675 doctissimus
1215 2637 1239 2674 v.
1254 2621 1307 2674 433
1326 2619 1419 2689 optime

255 2710 322 2782 poni
340 2715 404 2780 post
418 2727 443 2764 v.
459 2711 518 2764 384.
556 2709 591 2763 10
609 2708 663 2764 hac
682 2726 710 2763 re
729 2709 861 2779 Langeno
880 2708 961 2779 plane
980 2709 1127 2764 adsentior.
1161 2708 1244 2776 Quod
1258 2725 1323 2764 vero
1336 2726 1361 2762 v.
1375 2707 1420 2762 432

255 2816 364 2871 quoque
390 2799 586 2870 interpolatum
615 2816 674 2853 esse
702 2798 853 2852 arbitratur
878 2799 981 2870 quippe
1007 2799 1054 2870 qui
1080 2798 1222 2853 contineat
1246 2796 1356 2850 initium
1380 2812 1420 2848 ex·

254 2888 411 2960 plicationis
433 2887 481 2958 qui
508 2887 559 2941 fiat
584 2893 616 2941 ut
642 2888 734 2941 nautis
761 2888 790 2941 in
817 2887 874 2942 alto
901 2888 942 2942 sol
969 2905 1003 2941 ex
1029 2887 1110 2942 undis
1136 2887 1200 2941 oriri
1227 2891 1310 2956 atque
1336 2900 1420 2938 rursus

255 2979 283 3031 in
311 2977 401 3031 undas
429 2976 593 3031 descendere
621 2976 761 3043 videatur,
792 2993 855 3030 eum
883 2977 981 3031 ceteris
1008 2976 1075 3030 loeis
1103 2977 1189 3030 101100
1216 2972 1421 3030 enumerationis

256 3084 349 3121 rerum
369 3064 597 3136 explicandarum
616 3065 732 3136 vestigia
750 3065 828 3118 nulla
845 3070 1006 3136 appareant,
1023 3065 1077 3120 hoc
1095 3065 1156 3120 loco
1175 3065 1251 3120 illam
1270 3061 1421 3135 explicatio·

255 3173 320 3212 nem
340 3156 457 3210 fortasse
476 3155 539 3210 ideo
557 3153 701 3210 ferendam
715 3171 773 3208 csse
792 3159 870 3226 puto,
888 3155 964 3226 quod
981 3153 1028 3210 hic
1045 3154 1164 3225 duplicis
1183 3154 1281 3209 erroris
1299 3167 1420 3208 sensuum

256 3245 361 3299 mentio
380 3245 415 3298 111
429 3276 462 3284 -
477 3244 519 3299 001
537 3243 609 3298 0010
629 3243 739 3298 videtur
757 3261 792 3298 ex
810 3243 894 3298 undis
912 3244 977 3299 oriri
996 3249 1024 3300 01
1042 3243 1144 3298 iterum
1163 3243 1192 3297 in
1210 3242 1300 3298 undas
1318 3243 1421 3298 descen·

255 3333 320 3390 dere
338 3351 402 3389 cum
420 3334 450 3387 in
468 3334 565 3388 ceteris
584 3331 666 3388 rebus
685 3350 760 3388 error
778 3338 849 3388 esset
867 3333 994 3404 simplex.

364 3441 384 3511 8)
403 3441 490 3496 (101111.
510 3440 658 3512 praebent:
687 3441 786 3512 qasppc
808 3441 858 3494 abi
878 3441 1012 3509 scrantur.
1051 3439 1148 3507 Qualis
1171 3439 1217 3494 hic
1239 3438 1422 3494 coniunctivus

256 3530 436 3601 explicandus
455 3531 491 3584 011
509 3547 565 3585 000
584 3526 664 3584 video
683 3547 772 3600 neque
791 3528 858 3582 mihi
877 3529 999 3600 persuasi
1015 3537 1087 3584 recte
1102 3546 1131 3583 00
1144 3527 1248 3583 habere
1262 3527 1337 3599 quod
1350 3526 1422 3580 docet

257 3619 388 3674 Holtzius
408 3620 435 3689 (l.
456 3635 478 3673 0.
498 3637 525 3689 p.
546 3619 607 3687 148)
627 3619 834 3673 coniunctivum
852 3619 980 3686 serantur
998 3619 1114 3673 fortasse
1133 3617 1342 3672 antecedentem
1360 3614 1422 3668 debu

256 3725 369 3764 0000010
393 3707 502 3762 habere.
539 3707 676 3777 Equidem
701 3725 751 3778 pro
777 3707 880 3762 tradito
905 3707 1081 3762 coniunctivo
1105 3708 1233 3775 feramur
1256 3703 1422 3761 scribendum

255 3815 315 3853 0000
340 3813 437 3852 censeo
462 3797 598 3864 fatemur,
623 3796 699 3868 quod
721 3797 819 3852 ceteris
841 3813 952 3867 quoque
975 3796 1055 3863 locis,
1084 3796 1191 3852 omissis
1214 3796 1301 3852 1182
1323 3792 1422 3855 01990,

257 3886 305 3941 ubi
324 3886 461 3941 sententia
478 3886 583 3940 irrealis
602 3886 799 3941 condicionalis
817 3885 1004 3958 intellegenda
1022 3891 1072 3953 est,
1095 3889 1158 3958 post
1176 3885 1276 3956 quippe
1293 3884 1343 3940 nbi
1359 3879 1422 3938 indi·

257 3977 363 4032 cativus
381 3976 483 4048 legitur
501 3977 536 4031 01.
557 3976 571 4029 Ι
591 3978 642 4032 617
649 3993 655 4042 ;
676 3975 723 4029 III
743 3977 810 4042 43ος
830 3975 874 4029 IV
893 3977 954 4030 432.
