2978 4822
828 326 869 389 18

369 519 512 587 Eandem
557 520 766 607 oppositionis
811 521 1069 606 significationem
1114 523 1210 588 habet
1254 525 1434 589 coniunctio

262 651 354 693 rernm
382 630 487 712 igitur
520 630 552 692 in
587 628 801 714 assumptione
832 628 1021 713 syllogismi:
1053 628 1072 692 Ι
1098 632 1161 694 675
1197 632 1300 716 (nnnc
1329 633 1435 715 igitur

263 737 422 819 quoniam
448 786 454 801 .
483 786 489 799 .
518 737 563 821 .),·
594 734 650 798 III
673 737 737 799 203
773 736 876 820 (nunc
902 736 1007 819 iqiter
1036 738 1196 820 quoniam
1222 789 1228 802 .
1256 789 1263 802 .
1291 740 1334 823 .),
1367 743 1434 803 434

267 845 370 926 (nunc
403 843 508 925 ipitnr
541 842 701 927 quereiam
731 893 737 906 .
766 894 772 906 .
801 843 847 926 .),·
882 841 938 910 IV
963 846 1026 908 232
1065 845 1169 929 (cunc
1197 845 1335 928 icitur),
1369 848 1433 908 752

267 951 370 1032 (nunc
384 950 490 1033 igitur
505 950 664 1033 quoniam
682 1001 688 1013 .
710 1001 716 1014 .
738 950 774 1033 .).
806 948 937 1014 Praeter
951 950 1010 1014 hos
1026 950 1112 1014 locos
1128 949 1238 1014 eadem
1254 953 1434 1015 coniunctio
1474 951 1475 1036 7

261 1077 353 1120 nunc
375 1057 480 1140 icitur
502 1063 606 1120 exstat
629 1055 664 1124 V
681 1058 754 1121 273.
800 1054 864 1121 Sed
887 1055 947 1120 hoc
969 1057 1038 1120 loco
1062 1058 1234 1144 particulae
1249 1057 1321 1122 illae
1339 1058 1433 1144 longe

262 1163 354 1227 aliam
380 1163 541 1228 notionem
568 1163 685 1227 habent
712 1185 749 1227 ac
775 1184 868 1248 quam
894 1161 988 1227 modo
1012 1165 1155 1251 exposui,
1177 1186 1257 1249 quae
1280 1187 1330 1229 res
1354 1187 1434 1228 non·
1474 1183 1475 1256 7

262 1270 365 1334 nullos
389 1270 473 1334 viros
497 1268 608 1335 doctos
632 1268 754 1336 fefellit
800 1269 967 1334 Gneissius
976 1275 1000 1354 1)
1028 1270 1124 1356 igitur
1146 1271 1181 1338 V
1201 1274 1242 1334 27
1247 1275 1377 1336 3-280
1403 1275 1434 1335 in

260 1377 470 1463 suspicionem
500 1378 630 1442 vocavit
658 1374 822 1441 offendens
852 1379 986 1463 primum
1016 1379 1047 1441 in
1079 1400 1117 1442 eo
1147 1376 1233 1463 quod
1260 1378 1435 1465 particulae

260 1506 352 1548 neeric
374 1485 479 1568 icitur
500 1484 552 1547 hic
573 1483 711 1548 habeant
725 1484 885 1548 notionem
902 1483 1035 1548 alienam
1050 1507 1069 1548 a
1084 1485 1320 1570 significatione,
1338 1508 1435 1571 quam

260 1591 431 1678 praebeant
469 1591 581 1655 ceteris
620 1590 696 1654 locis
735 1590 949 1671 Lucretianis,
988 1577 1055 1655 turn
1094 1592 1126 1655 in
1168 1614 1206 1657 eo
1245 1591 1331 1678 quod
1371 1594 1435 1656 loci

260 1705 476 1784 argumentum
507 1719 572 1761 non
601 1705 685 1762 recte
716 1720 750 1762 se
779 1697 901 1763 habeat
955 1696 1053 1776 Quod
1083 1699 1196 1763 attinet
1225 1697 1265 1762 ad
1295 1699 1434 1785 priorem

261 1805 467 1870 offensionem
504 1803 644 1869 concedo
681 1804 830 1870 Gneissio
868 1805 980 1870 ceteris
1018 1805 1096 1871 locis
1128 1805 1327 1870 Lucretianis
1362 1807 1433 1870 illas

260 1913 428 2001 particulas
452 1933 563 1976 sonare
587 1913 689 1997 atqui.
727 1913 774 1976 At
789 1910 863 1976 inde
880 1913 1006 1977 minime
1023 1915 1165 1998 sequitur
1179 1921 1216 1977 ut
1230 1912 1290 1976 hoc
1305 1935 1433 1999 quoque
1474 1981 1475 2010 ,

259 2022 330 2085 loco
354 2020 485 2084 eandem
507 2018 644 2084 habeant
667 2019 938 2105 significationem,
965 2019 1155 2106 praesertim
1174 2042 1245 2083 cum
1268 2019 1330 2084 illis
1354 2021 1433 2085 locis
1474 2011 1475 2040 1

259 2129 438 2192 coniunctio
460 2149 553 2210 ncne
573 2128 679 2213 icitur
701 2127 740 2192 ab
763 2126 854 2190 initio
877 2126 1050 2191 sententiae
1074 2133 1107 2190 et
1129 2148 1240 2193 versus
1258 2127 1364 2213 posita
1382 2130 1434 2208 sit,

259 2236 319 2299 hoc
348 2258 424 2302 vero
453 2236 524 2299 loco
555 2233 724 2299 secundam
748 2233 856 2298 sedem
879 2241 1020 2320 occupet.
1066 2232 1141 2298 Sine
1165 2232 1262 2298 dubio
1285 2234 1369 2315 loce,
1392 2235 1433 2299 de
1474 2269 1475 2286 .

259 2366 322 2429 quo
349 2344 464 2428 agitur,
491 2341 661 2427 particulae
684 2361 776 2405 ccccc
798 2341 903 2424 ipitccr
925 2340 983 2404 soli
1009 2340 1222 2404 coniunctioni
1246 2340 1433 2422 inserviunt,
1474 2337 1475 2352 1

259 2473 447 2536 quamquam
482 2470 545 2511 non
575 2469 686 2532 negem
716 2469 746 2533 p.
777 2447 883 2531 ipitcrr
911 2447 1039 2511 insolito
1069 2469 1156 2512 more
1185 2448 1321 2534 positam
1351 2471 1433 2530 esse,

259 2555 344 2643 quod
367 2557 503 2620 hicnon
528 2554 669 2641 primam,
692 2551 749 2618 sed
772 2554 895 2618 tertiam
920 2552 1136 2640 dispositionis
1159 2563 1281 2641 partem
1300 2555 1432 2621 inducit.

260 2663 325 2729 Sed
347 2663 424 2727 haec
451 2685 502 2726 res
530 2684 592 2725 non
616 2667 738 2725 tantum
761 2660 847 2725 valet
870 2669 905 2725 ut
927 2668 1028 2725 totum
1052 2661 1156 2725 locum
1180 2661 1227 2746 (V
1243 2664 1432 2746 273-280)
1474 2719 1475 2741 ,

257 2770 473 2857 interpolatori
489 2767 690 2832 tribuendum
711 2790 781 2833 esse
799 2789 991 2832 censeamus.
1025 2767 1097 2832 Jam
1113 2767 1198 2853 quod
1213 2778 1432 2853 argumentum
1474 2751 1475 2828 1

257 2879 369 2943 horum
399 2899 547 2942 versuum
577 2898 705 2962 magnas
736 2873 927 2940 offensiones
956 2875 1107 2961 praebere
1132 2875 1299 2940 Gneissius
1330 2885 1431 2962 putat,
1474 2959 1475 2964 ¹

259 2988 308 3051 vir
331 2984 442 3049 doctus
466 2984 569 3048 locum
591 3005 654 3047 non
679 2982 755 3046 satis
778 2990 921 3046 accurate
936 2984 1137 3068 perspexisse
1153 2981 1287 3050 videtur.
1329 2983 1431 3048 Recte
1474 2967 1475 2978 1

257 3091 385 3178 quidem
408 3089 503 3154 docet
526 3089 707 3154 Gneissins:
731 3089 781 3171 ,V
797 3091 868 3152 276
943 3091 1015 3152 278
1041 3089 1178 3171 dicitur,
1206 3090 1277 3153 nisi
1299 3111 1356 3154 aer
1378 3112 1431 3154 res

256 3201 395 3284 fluentes
417 3202 576 3262 recrearet
602 3201 632 3260 et
658 3196 784 3260 emisso
810 3195 870 3260 ille
892 3196 1082 3280 primordie
1110 3197 1311 3276 retribueret,
1340 3197 1432 3261 treci
1474 3283 1475 3290 7

258 3313 398 3391 tempore
420 3306 491 3389 fore
514 3310 555 3368 ert
576 3303 691 3368 omnic
712 3304 966 3367 dissolverentur
993 3303 1084 3367 etin
1106 3324 1184 3367 cera
1202 3309 1427 3369 certercrctur‘¹
1474 3295 1475 3376 7

257 3413 321 3479 Sed
344 3410 429 3499 quod
452 3413 569 3497 pergit:
593 3410 781 3492 ,ercreticcs
804 3431 878 3474 cero
900 3431 1014 3474 rerum
1036 3411 1268 3474 recreationem
1286 3432 1430 3496 prorsus

256 3522 321 3586 elio
344 3521 438 3584 modo
461 3518 538 3602 fieri
560 3523 679 3582 rrerrct
701 3517 843 3580 111105
864 3522 948 3602 sqq!
970 3515 1005 3580 id
1028 3515 1224 3581 demonstrat
1247 3539 1340 3602 qnam
1364 3540 1428 3581 non
1474 3513 1475 3602 7

255 3627 408 3690 rationem
430 3624 576 3689 habuerit
599 3623 766 3688 Gneissius
789 3623 873 3687 illius
895 3624 958 3687 loci
981 3623 1164 3688 sententiae.
1193 3621 1230 3687 II
1253 3626 1337 3688 1105
1360 3645 1429 3710 sqq.

254 3736 337 3798 enim
360 3741 455 3818 poeta
485 3754 547 3796 non
578 3729 617 3795 de
646 3753 750 3795 rerum
780 3732 973 3795 recreatione
995 3731 1149 3816 loquitur,
1172 3728 1230 3795 sed
1253 3730 1293 3794 de
1316 3731 1428 3794 mundi

255 3910 430 3964 scribendum
456 3910 573 3964 coniecit
601 3927 676 3962 narce
706 3915 741 3962 ct.
787 3908 841 3964 Sed
867 3908 935 3962 haec
961 3908 1118 3962 coniectura
1142 3908 1186 3964 vel
1208 3908 1270 3961 ideo
1289 3908 1356 3962 mihi
1375 3909 1429 3962 im·
1474 3937 1475 3948 .

255 3999 389 4070 probatur
412 3998 486 4069 quod
505 3998 642 4069 particula
665 4003 693 4051 ct
712 4014 849 4068 nusquam
868 3998 896 4051 in
916 3997 1036 4051 carmine
1055 3997 1222 4052 Lucretiano
1241 3997 1427 4067 postponitur.
1474 3979 1475 4008 1

363 4089 382 4156 ¹)
402 4087 444 4142 De
468 4087 590 4142 versibus
614 4088 641 4140 in
661 4087 782 4162 Lucretii
807 4088 927 4140 carmine
951 4087 1087 4156 repetitis,
1110 4087 1173 4140 diss.
1194 4088 1295 4158 inaug,
1319 4088 1428 4157 Argen·
1474 4089 1475 4162 1

253 4178 337 4231 torati
358 4179 435 4244 1878,
454 4195 479 4248 p.
499 4179 534 4231 lo
552 4195 610 4247 sqq.
1474 4179 1475 4186 ’
