2978 4822
815 275 858 340 14

249 471 391 555 factum,
422 475 462 534 ul
487 469 607 553 fierem
627 469 714 533 ictus
736 489 805 532 ππο
827 469 889 533 aab
913 474 1055 554 tempore
1072 469 1210 553 plures?
1239 474 1276 534 ol
1296 474 1425 554 saepest

249 597 388 642 ππππο
411 577 541 661 sactum
566 627 573 641 .
602 627 609 642 .
637 627 644 641 .

354 705 386 786 g)
419 702 465 765 At
492 700 543 766 vel
572 706 609 766 ot
638 706 749 766 tameo
776 699 892 787 legitur
920 701 954 764 in
983 699 1116 787 apodosi
1145 707 1219 787 post
1248 700 1422 765 sententias

248 807 480 874 condicionales
508 815 541 872 et
569 808 779 874 concessivas.
824 806 878 872 Sic
908 807 1113 874 inveniuntur
1144 807 1217 872 illae
1249 807 1423 894 particulae

248 922 336 1002 post:

248 1041 280 1104 ai
301 1061 371 1104 ποπ
437 1038 474 1104 II
499 1042 583 1105 1017
607 1040 639 1104 ai
660 1061 730 1105 ποπ
752 1039 867 1105 omnio
889 1045 978 1118 aaut,
1003 1045 1039 1104 al
1057 1041 1162 1104 multo
1177 1039 1327 1105 παπππππ
1338 1061 1424 1124 pars

437 1152 484 1211 est
505 1147 705 1227 ammantica·
729 1145 786 1210 ΙΠ
801 1148 866 1212 406
883 1147 915 1210 sc'
928 1167 998 1211 ποπ
1013 1147 1222 1229 (ππππποάπ,
1246 1151 1282 1211 ot
1298 1167 1424 1230 mayoc

430 1259 528 1338 porte
550 1253 682 1319 animai
699 1254 855 1340 πππαίπε
881 1305 887 1318 .
916 1305 923 1318 .
951 1279 977 1333 .,·
1003 1253 1058 1321 VI
1082 1256 1143 1318 321
1169 1275 1215 1338 sq.

248 1361 279 1424 π’
301 1360 417 1425 laicas
438 1359 476 1423 H
498 1363 563 1425 458
586 1361 618 1424 ct
639 1361 755 1425 ππππε
780 1411 787 1425 .
815 1411 822 1425 .
848 1365 884 1425 ot
908 1410 914 1424 .
943 1411 950 1425 .
977 1365 1088 1425 tamea

435 1466 491 1531 ΙΠ
516 1469 579 1533 170
602 1468 634 1531 π’
655 1467 771 1532 minas
796 1518 803 1533 .
831 1518 838 1532 .
864 1472 900 1531 at
923 1472 1033 1532 tomen

249 1574 367 1658 quodsi
433 1572 489 1638 ΠΙ
514 1577 575 1640 531
602 1575 719 1660 quodsi
744 1626 751 1639 .
779 1625 786 1640 .
812 1579 849 1639 ul
872 1625 879 1639 .
908 1624 914 1638 .
942 1579 1052 1639 tumea

249 1681 309 1746 etsa‘
433 1679 489 1745 ΠΙ
514 1683 599 1746 1016
624 1682 685 1746 alst
707 1681 842 1763 obruat,
866 1686 903 1746 at
924 1702 1017 1746 meas
1042 1733 1048 1747 .
1077 1733 1084 1746 .
1113 1732 1119 1746 .

248 1793 288 1852 ut
435 1787 472 1852 Π
497 1791 559 1853 920
583 1794 623 1853 ct
640 1789 781 1875 possint,
805 1793 867 1853 al.
896 1839 903 1854 .
928 1789 982 1853 nil
1002 1788 1128 1872 sociem
1151 1839 1158 1854 .
1186 1839 1193 1853 .

434 1894 836 1964 IV471ot..at..

249 2003 349 2086 qaod,
435 2023 551 2067 sonans
574 2024 644 2068 was
662 2004 722 2068 das
744 2003 863 2087 copem
884 2001 922 2065 H
944 2005 1007 2068 532
1031 2022 1113 2066 acm
1136 2002 1223 2087 qaod
1247 2053 1253 2067 .
1282 2053 1289 2067 .
1315 2007 1351 2067 ot
1375 2053 1381 2067 .
1412 2055 1418 2067 .

248 2135 316 2191 tum
349 2136 423 2214 post
456 2134 521 2194 esto
555 2128 791 2215 imperativum,
825 2130 879 2213 qui
914 2125 1147 2213 quodammodo
1182 2129 1213 2191 in
1248 2127 1421 2213 particulae
1473 2121 1474 2184 ἶ

248 2235 449 2301 concessivae
472 2238 538 2302 vim
560 2258 598 2300 ac
620 2235 783 2300 notionem
805 2235 885 2299 abiit
906 2233 962 2298 ΙΠ
981 2236 1044 2300 733
1067 2235 1124 2298 sed
1147 2239 1257 2299 tumea
1280 2235 1332 2298 lrc's
1355 2239 1422 2298 esto
1473 2239 1474 2270 ¹

248 2343 401 2426 quamodo
423 2343 530 2426 fucere
553 2343 634 2406 utile
657 2363 775 2428 corpus
798 2342 855 2406 cui
876 2342 1034 2406 subeant:
1067 2347 1103 2406 at
1125 2362 1192 2426 qao
1210 2341 1343 2427 possint
1364 2342 1422 2406 cio

247 2450 343 2513 ππίἰπ
365 2449 505 2514 uidetur.

355 2574 402 2638 At
423 2579 538 2639 contro
561 2595 787 2660 saepenumero
810 2572 843 2637 in
866 2572 994 2638 Lucreti
1017 2575 1153 2638 carmine
1176 2572 1291 2659 legitur
1313 2571 1331 2637 Ι
1356 2575 1473 2638 366

248 2679 349 2764 (codd.
379 2687 440 2745 aut
470 2685 607 2765 ποπίπι),
640 2683 719 2760 570,
751 2683 851 2763 1087,
885 2679 922 2744 ΙΙ
947 2683 989 2746 74
1017 2681 1163 2764 (cttcec
1185 2684 1322 2765 οοπ1,ππ)
1355 2683 1421 2745 235

248 2794 294 2873 (at
316 2793 454 2871 contra),
487 2791 562 2870 392,
583 2791 659 2870 400,
682 2791 758 2870 404,
779 2791 855 2869 424,
880 2790 958 2869 713;
988 2786 1044 2851 III
1068 2791 1120 2867 25,
1145 2790 1219 2869 191,
1244 2790 1317 2869 198,
1341 2790 1422 2868 201;

247 2893 302 2965 IV
327 2898 383 2977 93,
406 2896 485 2977 623,
509 2897 588 2977 659,
612 2897 724 2978 8401),
748 2894 804 2965 VI
828 2897 901 2961 976.

356 3147 376 3215 ¹)
395 3145 539 3201 Vahlenus
559 3144 631 3213 (Ind.
650 3144 712 3200 leot.
731 3144 852 3214 hibem,
876 3144 996 3201 Berolini
1021 3145 1137 3216 1881s82
1160 3162 1186 3216 p.
1207 3147 1250 3216 17)
1278 3143 1422 3199 contendit

246 3235 275 3289 in
294 3234 339 3290 IV
357 3236 410 3290 840
428 3234 573 3290 obicientis
591 3234 743 3290 orationem
762 3234 871 3304 induci,
894 3233 1084 3307 respondentis
1103 3251 1167 3289 vero
1185 3251 1252 3289 voce
1270 3234 1373 3288 soilr'cet
1392 3235 1422 3288 in

246 3326 353 3380 nato.
399 3324 539 3391 Quoniam
563 3329 612 3378 aut
613 3342 657 3377 ern
677 3325 832 3468 particulae
855 3330 884 3379 ot
907 3330 1002 3379 contro
1024 3324 1052 3377 in
1075 3341 1100 3378 v.
1120 3324 1174 3379 840
1196 3323 1242 3377 isti
1260 3324 1422 3378 occurrendi

248 3413 332 3469 modo
350 3414 443 3468 minus
461 3415 638 3482 conveniunt,
656 3415 765 3486 utipse
782 3413 926 3469 Vahlenus
945 3414 1038 3481 sensit,
1056 3429 1151 3468 vooem
1170 3418 1265 3467 contro
1282 3429 1338 3467 non
1356 3429 1422 3466 curu

246 3521 272 3574 p.
292 3509 321 3557 at
339 3504 562 3574 coniungendam
580 3521 638 3558 esse
656 3503 736 3572 dicit,
761 3503 808 3558 sod
832 3521 895 3558 cum
914 3503 1005 3558 verbis
1024 3503 1145 3570 conferre
1162 3520 1250 3557 ππιππ
1268 3503 1423 3556 certamina

243 3611 360 3662 ππρπαπ.
405 3593 484 3648 Haeo
512 3594 563 3648 viri
591 3592 665 3648 docti
692 3611 740 3648 sen
741 3593 829 3648 tentia
856 3592 1007 3665 probabilis
1035 3609 1090 3648 non
1119 3597 1168 3647 est.
1214 3592 1319 3647 Docuit
1346 3593 1423 3645 enim

247 3682 434 3752 exemplisque
453 3681 644 3754 comprobavit
661 3687 744 3755 poeta
762 3682 826 3736 inde
845 3699 901 3737 av.
913 3683 967 3738 820
985 3683 1013 3736 in
1032 3699 1146 3754 corpore
1163 3681 1234 3736 nihil
1251 3697 1319 3736 usus
1337 3697 1425 3736 eausa

245 3776 344 3825 natum
372 3789 442 3839 esse,
470 3771 532 3839 sed,
560 3772 695 3844 quidquid
721 3773 750 3826 in
776 3788 889 3843 corpore
915 3776 1013 3826 natum
1039 3772 1088 3839 sit,
1115 3769 1144 3825 id
1168 3787 1311 3841 procreare
1330 3787 1423 3825 usum.

246 3861 308 3915 Iam
331 3860 395 3915 inde
417 3878 435 3914 a
452 3880 478 3917 v.
497 3863 551 3918 840
575 3862 710 3917 nonnulla
728 3861 832 3929 adfert,
861 3878 932 3933 quae
957 3879 1024 3916 usus
1048 3861 1139 3932 gratia
1163 3865 1230 3913 nata
1255 3860 1323 3924 sint;
1351 3858 1426 3914 haec

245 3955 348 4018 autem,
367 3956 597 4022 quaeenumerat,
616 3951 693 4006 nullo
704 3950 832 4006 modoad
851 3968 973 4023 corpus
991 3950 1256 4021 hominisspcctant.
1294 3948 1426 4004 Obiectio

245 4041 331 4112 igitur
348 4039 394 4094 hic
412 4040 504 4096 locum
523 4058 579 4096 non
597 4040 681 4096 habet
687 4058 694 4107 ;
723 4046 784 4094 tum
808 4040 921 4096 demum
944 4045 1011 4110 apta
1029 4045 1100 4094 esset
1117 4038 1248 4107 obiectio,
1275 4038 1299 4092 si
1317 4037 1354 4092 ab
1373 4039 1426 4093 ad-

245 4131 366 4185 versario
384 4148 419 4184 ex
437 4131 557 4202 corporis
576 4130 702 4203 partibus
713 4131 757 4184 vel
771 4129 902 4184 membris
918 4128 1071 4200 quidquam
1091 4129 1208 4201 proferri
1226 4132 1327 4198 posset,
1344 4129 1428 4199 quod
