2978 4822
635 285 677 350 15

446 519 474 580 3.
497 514 549 580 De
572 513 726 601 particula
747 520 868 580 001000.

175 640 228 706 De
243 663 274 727 p.
289 646 410 723 001000,
427 661 507 725 quae
523 641 641 726 septies
657 638 763 704 decies
779 637 863 726 apud
875 638 1060 704 Lucretium
1073 639 1242 722 invenitur,

67 756 152 813 recte
182 747 359 835 disputavit
387 747 535 812 Holtzius
563 747 593 832 (1.
616 769 642 812 c.
664 770 695 834 p.
720 749 781 811 167
807 769 867 832 sq.,
899 749 983 831 185.)
1012 769 1114 832 neque
1141 746 1242 811 habeo

66 854 153 941 quod
177 853 300 920 addam.

321 1001 351 1063 4.
374 997 426 1062 De
449 998 563 1062 ceteris
586 995 749 1083 particulis
772 994 992 1062 adversativis

175 1127 203 1207 a)
234 1123 355 1188 Verrem
374 1121 538 1209 particula,
560 1143 640 1207 quae
655 1121 755 1187 vicies
770 1123 803 1186 in
819 1120 961 1186 Lucretii
977 1123 1114 1186 carmine
1130 1128 1242 1202 exstat,

67 1253 107 1295 ex
143 1230 302 1295 communi
339 1229 527 1316 scriptorum
563 1251 623 1292 usu
660 1237 811 1316 usurpata
847 1236 897 1293 est
932 1250 1034 1314 neque
1071 1227 1242 1314 quidquam

65 1337 269 1402 memorabile
291 1337 431 1424 praebet.
463 1336 596 1422 Legitur
618 1344 724 1400 autem
747 1359 778 1422 p.
798 1357 914 1401 ceram
936 1334 1242 1418 10000100101402,

68 1447 142 1526 684,
163 1447 237 1526 822,
258 1447 333 1526 895,
350 1447 430 1525 902,
453 1442 491 1507 II
506 1445 570 1508 696
593 1445 721 1530 (ceram
745 1491 753 1508 .
776 1492 784 1508 .
809 1445 945 1528 tamen),
968 1445 1033 1507 814
1054 1444 1181 1529 (emam
1204 1490 1211 1506 .
1235 1491 1242 1507 .

67 1552 204 1637 000910),
234 1554 337 1632 1018,
364 1549 420 1615 ΠΙ
449 1553 505 1632 99,
535 1553 612 1631 152,
641 1552 722 1630 608,
751 1548 806 1619 IV
832 1552 887 1630 72,
916 1552 995 1631 239,
1022 1551 1087 1614 265
1116 1553 1242 1636 (000000

64 1659 199 1744 mapa),
223 1660 298 1740 675,
323 1660 403 1744 739,
427 1657 462 1727 V
488 1660 569 1738 330,
593 1657 648 1726 VI
672 1659 746 1737 100,
772 1659 845 1739 704,
870 1659 945 1724 710.

172 1766 204 1851 1))
234 1766 315 1831 Vero
334 1765 487 1852 particula
501 1763 582 1829 duae
603 1763 778 1829 sententiae
799 1765 921 1828 ratione
940 1765 1096 1828 contraria
1110 1763 1193 1828 inter
1208 1786 1242 1828 se

64 1880 224 1958 ponuntur
238 1871 294 1942 IV
305 1873 405 1953 1086,
421 1871 457 1941 V
474 1874 546 1936 179.
579 1870 703 1936 (leteris
719 1871 798 1936 locis
816 1871 962 1936 omnibus
979 1894 1010 1957 p.
1024 1891 1099 1935 vero
1115 1878 1242 1946 senten-

64 1979 127 2043 tiae
141 2001 205 2044 non
228 1987 293 2043 tam
308 1979 466 2044 contraria
481 1979 602 2043 ratione
622 1981 705 2044 inter
720 2000 755 2043 se
770 1986 932 2065 ponuntur
946 2000 1041 2063 quam
1057 1977 1242 2064 simpliciter

64 2086 147 2150 inter
169 2108 204 2151 se
226 2087 407 2152 vinciuntur
437 2093 470 2151 et
499 2084 733 2172 quodammodo
763 2083 951 2166 efferuntur,
982 2087 1027 2148 ita
1056 2093 1092 2149 ut
1113 2107 1144 2171 p.
1167 2106 1241 2149 0000

63 2193 221 2258 nonnullis
239 2193 317 2258 locis
340 2192 424 2258 idem
444 2193 508 2258 1000
525 2193 680 2278 significet
695 2200 789 2278 atque
806 2213 878 2256 cere
894 2190 945 2257 vel
960 2212 995 2255 re
1015 2212 1092 2255 cera
1107 2190 1144 2255 Π
1161 2194 1240 2270 593,

61 2300 120 2365 ΠΙ
145 2303 223 2379 950,
252 2303 337 2366 1009
366 2301 449 2387 (iam
471 2301 579 2385 cero);
609 2299 666 2369 IV
690 2302 768 2380 379,
798 2300 876 2379 626,
906 2300 1109 2380 983,1134,
1138 2301 1241 2378 1159,

60 2407 119 2476 VI
145 2410 222 2489 178,
247 2410 325 2490 336,
350 2410 449 2492 9711)
475 2410 571 2487 1166,
601 2409 697 2472 1188.
750 2406 882 2472 Praeter
909 2406 967 2470 hos
995 2404 1081 2470 locos
1109 2428 1140 2492 p.
1167 2426 1241 2470 cero

61 2515 182 2600 legitur
197 2513 252 2583 VI
270 2516 366 2596 1151,
389 2514 445 2580 051
459 2537 490 2602 p.
505 2515 537 2578 in
554 2513 688 2601 apodosi
703 2514 810 2600 posita
825 2521 882 2579 001
923 2513 998 2577 Ηο0
1021 2513 1092 2576 1000
1108 2510 1242 2577 offendit

60 2622 367 2708 Kannengiesser2).
424 2621 530 2686 Docet
564 2621 648 2686 enim
678 2620 728 2686 vir
757 2619 871 2686 doetus
903 2619 1089 2706 particulam
1118 2640 1192 2684 cero
1222 2641 1242 2682 a

60 2729 216 2794 Lucretio
228 2750 291 2793 non
307 2729 450 2814 usurpari
465 2728 527 2793 nisi
539 2728 572 2795 vi
588 2727 792 2793 adversativa
806 2725 991 2813 praeditam,
1007 2725 1241 2791 adversativam

60 2842 171 2901 autem
193 2836 378 2922 particulam
400 2835 433 2899 in
456 2833 589 2922 apodosi
611 2835 716 2898 locum
740 2856 802 2898 non
824 2832 948 2898 habere.
985 2833 1093 2911 Quare
1113 2855 1240 2900 versum

62 2945 151 3008 1151
169 2950 242 3008 0010
259 2965 288 3009 0.
306 2945 392 3008 1154
408 2941 626 3008 collocandum
643 2963 723 3006 esse.
762 2941 809 3005 At
831 2947 914 3006 errat
929 2963 1001 3006 cum
1016 2947 1108 3027 putat
1121 2963 1153 3026 p.
1166 2959 1240 3004 cero

59 3052 97 3115 in
127 3051 265 3114 carmine
287 3050 477 3115 Lucretiano
507 3071 633 3136 semper
661 3070 731 3115 esse
760 3047 1002 3114 adversativam.
1048 3046 1133 3112 Satis
1157 3048 1240 3111 enim

59 3157 172 3223 multis
194 3157 283 3239 locis,
305 3165 341 3222 ut
362 3155 458 3222 modo
481 3155 584 3239 docui,
606 3179 637 3242 p.
655 3178 730 3221 cero
749 3177 867 3220 meram
884 3153 1038 3231 efferendi
1055 3154 1120 3221 vim
1136 3153 1240 3220 habet

60 3264 333 3350 Kannengiesseri
348 3265 445 3350 igitur
460 3263 593 3329 offensio
609 3263 695 3328 nulla
710 3271 760 3328 001
776 3284 876 3349 neque
890 3285 919 3329 0.
934 3264 1017 3328 1151
1036 3261 1240 3348 transpositio

63 3443 135 3480 usus
153 3441 237 3480 cause
254 3429 352 3479 natum
370 3429 449 3480 essct.
488 3424 543 3480 Sed
562 3424 634 3480 obici
657 3424 776 3495 aliquid,
801 3423 835 3478 de
858 3440 914 3493 quo
937 3427 1020 3493 poeta
1041 3422 1111 3476 nihil
1133 3423 1240 3491 statuit,

61 3515 133 3570 satis
156 3519 227 3569 esset
249 3514 405 3570 ridiculum.
442 3515 507 3570 Hac
533 3513 567 3569 dc
586 3530 669 3569 causa
686 3513 754 3567 mihi
773 3512 946 3584 improbetur
964 3511 1086 3568 Vahleni
1104 3512 1241 3566 sententia

63 3604 101 3659 de
121 3604 264 3676 particulis
282 3609 311 3659 01
329 3609 424 3659 contra
442 3604 470 3659 in
489 3622 514 3659 v.
533 3605 594 3660 840.

175 3696 194 3763 1)
213 3693 327 3750 Lachm
352 3699 449 3749 contra
476 3692 556 3749 codd.
580 3709 744 3749 consensum
767 3709 818 3763 pro
836 3692 920 3763 qucse'
943 3709 1004 3746 00οο
1022 3691 1139 3747 coniecit
1158 3691 1241 3760 quasi

62 3801 125 3838 cere
149 3799 267 3854 eumque
292 3784 380 3838 secuti
405 3788 471 3837 sunt
496 3783 664 3852 Bernaysius
689 3787 718 3836 01
742 3782 824 3853 longe
850 3782 963 3852 plurimi
986 3782 1138 3835 recentium
1156 3781 1240 3834 inter·

63 3877 186 3944 protum.
223 3872 279 3928 Sed
297 3873 399 3928 Munro
417 3877 445 3927 01
464 3873 576 3943 Brieger
594 3889 645 3927 suo
663 3872 723 3926 iure
741 3889 801 3926 00οο
820 3877 939 3940 0000001,
962 3869 1037 3942 quod
1055 3869 1129 3924 idem
1148 3875 1190 3924 est
1208 3886 1240 3924 ac

62 3980 124 4017 cere
142 3962 186 4018 vel
203 3980 232 4016 re
249 3980 320 4018 cera.

175 4051 195 4120 ²)
214 4051 258 4105 De
272 4051 393 4107 Lucretii
412 4051 536 4107 versibus
554 4049 775 4121 transponendis,
794 4049 858 4105 diss.
878 4051 981 4120 inaug„
1000 4049 1150 4118 Gottingae
1171 4049 1240 4103 1878

64 4159 92 4214 p.
112 4143 146 4194 41
167 4158 207 4212 sq.
