2978 4822
638 317 679 382 13

233 518 335 579 uetus
358 513 448 578 cutm
473 565 480 579 .
509 565 515 578 .
544 564 551 578 .

232 621 272 684 ire
294 621 364 685 uita
390 672 396 685 .
425 671 431 685 .
459 671 467 686 .

235 728 493 812 quibusquam
519 779 525 792 .
554 778 560 792 .
589 779 595 793 .

233 855 293 900 nec
314 835 385 919 fait
409 886 416 899 .
444 886 451 899 .
479 886 486 900 .

72 942 188 1029 quibus
211 943 244 1006 in
267 940 412 1008 versibus
435 940 475 1006 dc
498 941 677 1007 hominibus
701 964 804 1007 sermo
827 950 885 1008 est.

180 1048 253 1114 Hac
276 1047 357 1114 duae
374 1071 522 1114 versuum
544 1050 642 1113 series
664 1071 793 1135 prorsus
809 1048 921 1115 eodem
937 1050 1032 1115 modo
1048 1059 1245 1138 comparatae

73 1164 157 1222 sunt.
201 1156 342 1220 Primum
366 1155 398 1219 in
421 1162 553 1241 utraque
577 1155 658 1220 serie
672 1156 801 1242 ponitur
819 1157 1032 1243 interrogatis,
1055 1167 1245 1245 postquam

72 1262 239 1350 responsio
261 1285 380 1350 negans
404 1261 621 1342 subaudienda
644 1271 706 1344 est,
735 1271 803 1327 tum
833 1263 961 1329 additur
983 1287 1079 1330 causa
1101 1266 1245 1352 negantis

73 1370 302 1458 responsionis,
336 1369 472 1456 denique
506 1369 548 1446 iu¹
568 1370 629 1444 fine
659 1370 823 1456 utriusque
853 1371 945 1437 seriei
975 1373 1106 1437 iteratur
1133 1372 1247 1438 iisdem

75 1478 139 1543 fere
164 1478 269 1544 verbis
297 1499 447 1565 expressa
477 1478 695 1563 interrogatio,
723 1500 804 1564 quae
833 1477 924 1542 initio
954 1479 1059 1566 posita
1085 1488 1161 1545 erat
1206 1479 1246 1543 In

76 1594 206 1672 utraque
236 1584 332 1671 igitur
361 1592 450 1672 parte
480 1583 679 1662 cohaerentia
707 1585 931 1650 sententiarum
962 1585 1107 1652 absoluta
1134 1594 1184 1651 est
1210 1608 1247 1651 ac

72 1692 217 1780 perfecta
238 1714 340 1778 neque
363 1689 534 1778 quidquam
556 1692 618 1756 iam
641 1679 848 1758 desideratur.
893 1692 986 1771 Quae
1009 1716 1079 1758 cum
1107 1694 1152 1758 ita
1174 1696 1247 1776 sint,

74 1799 139 1865 duo
164 1821 273 1866 versus
296 1799 351 1881 illi,
374 1801 443 1865 sive
466 1821 536 1863 cum
556 1798 761 1880 Lachmanno
784 1806 832 1883 ut,
857 1801 958 1884 credo,
985 1853 992 1866 .
1020 1853 1028 1866 .
1055 1853 1062 1866 .
1089 1801 1157 1867 sive
1175 1823 1246 1866 cum

74 1907 214 1994 Bergkio
237 1928 284 1973 aa
306 1928 400 1973 coeca
425 1958 432 1972 .
461 1958 467 1972 .
496 1958 503 1972 .
528 1906 617 1993 legis,
640 1906 746 1988 locum
768 1929 831 1988 non
850 1907 976 1988 habent,
999 1907 1117 1995 quippe
1133 1908 1247 1994 quibus

74 2014 271 2080 concinnitas
295 2015 521 2080 sententiarum
535 2012 629 2079 foede
643 2014 853 2100 perturbetur.
895 2013 978 2078 Mihi
1001 2014 1098 2100 igitur
1118 2037 1248 2102 persna-

75 2145 145 2187 sum
175 2130 226 2188 est
254 2121 334 2187 dnos
361 2121 432 2187 illos
460 2142 571 2188 versus
594 2143 614 2185 a
636 2120 752 2185 lectore
780 2119 917 2207 quodam
946 2131 1060 2208 poetae
1083 2121 1248 2187 refellendi

74 2251 171 2294 causa
208 2229 385 2317 adscriptos
425 2250 495 2294 esse
532 2229 566 2292 in
602 2227 742 2312 margine
779 2227 916 2292 fortasse
954 2227 994 2292 ad
1032 2229 1131 2295 verba
1172 2251 1249 2295 mera

67 2338 209 2424 pulchre
231 2338 355 2422 deperet
377 2357 506 2415 aeuum
530 2333 667 2421 indeque
691 2357 802 2400 versus
824 2343 937 2422 postea
959 2337 991 2400 in
1014 2344 1128 2422 poetae
1152 2336 1250 2406 verba

71 2445 277 2531 irrepserunt
328 2442 468 2508 Eosdem
493 2465 603 2508 versus
632 2441 737 2507 delere
767 2445 830 2509 iam
860 2451 932 2508 aute
962 2466 1013 2534 me
1043 2452 1250 2531 proposuerat

71 2550 282 2616 Neumannus
293 2556 325 2634 ¹).
370 2549 450 2614 Eius
480 2571 558 2616 vero
589 2558 821 2635 argumentum,
848 2572 912 2635 quo
944 2550 1032 2632 nisus
1065 2550 1137 2616 illos
1170 2550 1250 2616 duos

71 2679 189 2724 versus
204 2680 223 2722 a
238 2657 388 2722 Lucretio
407 2657 526 2722 alienos
550 2679 620 2722 csse
644 2657 848 2744 comprobare
872 2655 989 2738 studet,
1011 2680 1140 2744 prorsus
1164 2657 1250 2723 aliud

73 2772 140 2846 est,
170 2763 227 2830 sed
256 2763 341 2851 quod
363 2763 440 2828 mihi
462 2786 526 2829 non
548 2763 712 2850 probetur,
740 2759 814 2849 quia
836 2785 909 2829 cum
931 2763 1134 2829 lachmanno
1158 2767 1190 2830 in
1214 2788 1251 2830 ca

73 2872 201 2937 solare
223 2871 332 2938 haeret
354 2870 440 2958 quod
462 2893 527 2936 non
549 2870 705 2935 refutetur
727 2871 899 2952 sententia,
916 2893 996 2956 quae
1019 2871 1081 2937 illis
1105 2872 1250 2940 versibus

73 2981 283 3044 contineatur.
329 2977 418 3057 Quid
440 2979 524 3044 enim
547 2978 654 3044 obstat
676 2980 843 3065 quominus
863 2988 937 3065 post
954 2978 1034 3044 duos
1050 2971 1122 3044 illos
1138 3001 1249 3045 versus

72 3087 220 3152 lacunam
247 3089 443 3152 statuamus?
486 3086 570 3150 Tum
600 3086 662 3150 iam
693 3086 797 3150 omnia
829 3086 948 3172 optime
980 3085 1184 3172 quadrarent,
1216 3087 1252 3152 ut

74 3193 205 3279 quidem
227 3193 434 3259 Neumannus
456 3201 568 3280 putare
592 3192 726 3258 videtur.
771 3193 819 3258 At
841 3215 881 3258 ne
909 3192 1103 3280 sicquidem
1126 3192 1251 3258 ferendi

75 3309 186 3366 essent
207 3301 253 3364 illi
272 3323 392 3381 versus,
414 3300 528 3387 quibus
545 3301 769 3365 sententiarum
786 3300 985 3365 cohaerentia
1007 3301 1207 3386 pervertitur.

185 3407 211 3491 i)
233 3397 398 3473 Particula¹
415 3414 451 3473 ot
472 3408 517 3472 ita
539 3415 690 3493 usurpata
712 3416 748 3471 ut
770 3429 817 3489 ea,
840 3407 971 3492 quaein
990 3407 1092 3473 aliena
1110 3408 1251 3473 oratione

75 3514 293 3603 proferuntur,
324 3515 534 3601 reprimantur
564 3523 619 3579 aut
650 3513 786 3580 absurde
821 3515 943 3601 prolata
977 3522 1164 3601 appareant,
1202 3514 1251 3580 his

75 3623 156 3687 locis
179 3622 308 3708 legitur:
338 3621 395 3687 HI
419 3624 482 3687 662
506 3645 575 3708 sqq.
598 3623 753 3687 omuibus
783 3643 849 3687 esse
871 3622 977 3706 ipitar
1000 3627 1083 3688 totos
1106 3623 1252 3688 dicemus

75 3731 118 3794 e'a
147 3730 216 3794 aaa
241 3729 420 3816 particulis
449 3729 604 3795 animus?
640 3735 677 3795 ut
707 3751 744 3795 eu
775 3729 904 3796 rubeae
935 3736 1090 3815 sequetur
1119 3781 1126 3795 .
1155 3781 1161 3796 .
1190 3782 1197 3796 .
1225 3759 1252 3814 .‚·

79 3839 143 3902 771
176 3859 257 3924 sqq.;
287 3836 343 3905 VI
372 3839 437 3902 412
468 3859 535 3923 sqq.
565 3858 612 3902 aa
641 3837 699 3902 boc
730 3837 823 3901 uasis
854 3858 1032 3923 nunquam
1063 3839 1253 3903 contendere

188 4089 209 4157 ¹)
236 4086 279 4142 De
302 4086 560 4159 interpolationibus
578 4087 766 4155 Lucretianis‚
792 4087 855 4141 diss.
875 4087 968 4158 inaug.
975 4129 982 4155 ‚
1008 4087 1090 4140 Halis
1110 4086 1252 4142 Saxonum

78 4179 150 4234 1875
171 4193 197 4248 p.
217 4179 250 4232 37
269 4195 328 4248 sqq.
