2978 4822
655 323 698 386 45

90 517 145 583 Sic
171 517 289 581 Munro
319 538 444 603 quoque
473 515 513 581 de
542 516 603 580 hoc
633 517 703 581 loco
733 518 850 582 sentire
880 515 1014 581 videtur.
1059 515 1157 580 Plane
1187 539 1264 581 vero

89 624 169 688 mihi
191 623 533 710 improbaturJesseni
547 629 570 709 1)
601 626 757 688 sententia
784 623 824 688 de
852 624 913 688 hoc
935 623 1014 688 loco.
1058 622 1149 687 Dicit
1170 622 1266 708 igitur

88 732 184 796 haec:
209 732 258 795 Ac
281 732 416 818 primum
439 731 517 795 illud
540 731 646 816 itaque
669 754 699 795 v.
724 733 786 796 106
811 729 999 811 nonhabet,
1024 751 1086 815 qno
1102 729 1264 794 referatur.

89 837 226 924 Saepius
249 837 377 924 quidem
400 837 485 924 apud
508 838 641 902 Latinos
664 845 697 903 et
719 840 854 903 maxime
879 837 964 923 apud
987 836 1170 901 Lucretium
1193 859 1266 922 pro-

87 948 169 1010 tasis
192 944 346 1030 quaedam
369 944 586 1010 subaudienda
609 952 671 1025 est,
701 943 742 1008 ad
769 967 862 1030 quam
892 945 1071 1008 coniunctio
1094 943 1249 1008 referatur
1256 968 1265 1024 ;

87 1052 143 1116 bio
166 1061 270 1117 autem
293 1051 372 1116 illud
394 1054 500 1137 itaque
524 1053 651 1115 omnino
681 1058 790 1137 aptum
819 1074 882 1115 non
913 1059 974 1131 est,
1004 1073 1106 1136 neque
1136 1051 1162 1115 si
1193 1073 1265 1115 oum

87 1159 258 1224 Munroio:
291 1167 324 1223 to
348 1181 447 1245 prove
470 1159 557 1223 what
576 1157 595 1220 I
618 1180 683 1244 say,
707 1157 971 1238 subaudierimus,
999 1157 1170 1244 quidquam
1193 1180 1265 1244 pro-

86 1266 241 1331 ficiemus.
295 1265 526 1352 Exspectamus
561 1265 645 1330 enim
677 1267 903 1330 sententiarum
930 1271 1050 1329 'nexum
1083 1265 1151 1330 iere
1183 1264 1266 1329 hunc

87 1395 179 1439 esse:
203 1395 305 1438 errare
321 1372 398 1437 mihi
414 1372 564 1438 videntur
582 1395 676 1459 saepe
700 1373 783 1437 enim
796 1378 820 1454 ²)
843 1373 887 1453 fit,
910 1380 946 1436 nt
964 1394 1078 1458 corpus
1102 1379 1265 1436 externum

87 1488 243 1566 aegrotet,
265 1503 362 1566 quum
384 1489 491 1545 tamen
514 1488 572 1545 etc.
606 1479 704 1544 Putat
725 1480 822 1566 igitur
844 1481 894 1544 vir
909 1478 1023 1544 doctus
1045 1479 1134 1543 illum
1149 1501 1265 1543 nexum

87 1589 212 1673 optime
241 1587 364 1652 restitui
395 1588 421 1652 si
453 1611 482 1653 v.
508 1589 570 1653 106
601 1609 696 1673 saepe
724 1589 837 1672 itaque
862 1639 871 1666 .
898 1639 904 1652 .
933 1639 939 1652 .
972 1609 1042 1650 cum
1071 1609 1101 1651 v.
1126 1589 1166 1650 97
1191 1608 1265 1650 oon-

85 1695 239 1780 iungatur
262 1701 294 1760 et
322 1696 349 1759 si
373 1702 445 1759 ante
476 1702 509 1759 et
535 1701 609 1780 post
639 1717 706 1760 v.v.
731 1695 898 1775 98—106,
928 1715 1007 1779 quos
1037 1693 1077 1758 ab
1106 1693 1167 1757 hoo
1196 1693 1265 1757 loco

87 1801 212 1866 alienos
242 1824 312 1867 esse
342 1809 447 1888 putat,
477 1802 587 1866 lacuna
617 1809 781 1866 statuatur.
832 1800 897 1866 Sed
927 1800 1166 1887 improbandam
1196 1822 1265 1864 esse

86 1909 174 1973 hano
203 1907 329 1974 Jesseni
360 1910 547 1974 sententiam
579 1908 674 1973 facile
705 1908 906 1995 intellegitur.
951 1907 1092 1972 Primum
1125 1907 1208 1972 enim
1239 1908 1266 1971 si

87 2038 165 2079 cum
196 2016 264 2080 viro
295 2015 389 2080 docto
419 2016 502 2080 huno
532 2017 758 2081 sententiarum
788 2014 932 2080 ordinem
959 2015 1175 2100 rationemque
1202 2022 1267 2078 sta-

87 2133 268 2188 tueremus:
302 2145 404 2188 errare
428 2122 504 2187 mihi
527 2122 684 2188 videntur.
720 2145 814 2208 saepe
845 2124 928 2187 enim
957 2122 993 2185 lit
1022 2130 1058 2185 ut
1081 2171 1088 2186 .
1112 2171 1119 2186 .
1143 2170 1150 2186 .
1173 2143 1266 2186 nemo

88 2238 178 2295 esset
189 2231 264 2316 quin
276 2230 459 2317 particulam
472 2231 562 2294 enim
573 2229 705 2295 referret
717 2229 758 2294 ad
770 2230 867 2295 verba
883 2250 991 2294 errore
1006 2230 1092 2293 rotha
1099 2229 1263 2293 videntur.

87 2337 214 2408 Verbis
237 2345 342 2402 autem
365 2359 459 2424 saepe
482 2339 594 2422 itaque
617 2345 677 2403 cet
700 2337 786 2426 nullo
814 2336 908 2401 modo
937 2337 1126 2401 sententiam
1149 2357 1266 2415 eorum,

88 2445 146 2531 qui
170 2444 277 2509 dicant
299 2446 438 2509 animum
462 2467 532 2510 esse
555 2445 697 2510 habitum
720 2444 877 2530 quendam
899 2443 1029 2510 vitalem
1051 2442 1191 2530 corporis
1215 2441 1267 2507 vel

87 2553 300 2633 harmoniam,
330 2551 512 2616 Lucretium
536 2552 678 2618 refellere
702 2552 829 2618 studere
853 2551 956 2616 elucet
979 2573 996 2615 e
1019 2574 1087 2616 v.v.
1113 2553 1174 2615 117
1200 2573 1266 2635 sqq.

88 2659 143 2725 Ibi
168 2658 294 2724 demum
317 2658 430 2724 falsam
453 2659 578 2724 illorum
602 2661 782 2745 opinionem
806 2658 846 2723 de
870 2667 981 2722 natura
1008 2658 1103 2722 animi
1131 2657 1266 2722 refutare

89 2766 233 2852 suscipit.
267 2765 404 2831 Accedit
425 2774 531 2831 autem
554 2765 640 2851 quod
663 2765 775 2830 deletis
800 2788 865 2830 v.v.
883 2767 1035 2831 98—106
1057 2766 1111 2830 vix
1126 2764 1267 2848 intellegi

88 2881 203 2960 posset
232 2872 308 2958 qnid
338 2873 399 2938 sibi
429 2872 549 2938 vellent
571 2896 638 2939 v.v.
663 2876 725 2939 117
750 2896 831 2959 sqq,
861 2872 975 2959 quibus
1006 2871 1192 2937 refelluntur
1222 2893 1267 2952 aa,

88 3002 173 3066 quac
196 2980 228 3043 in
252 3003 318 3045 v.v.
343 2982 495 3046 98—106
519 2981 674 3067 leguntur.

351 3162 381 3224 4.
411 3158 463 3224 De
486 3159 600 3224 ceteris
623 3159 786 3246 particulis
809 3159 1009 3225 conclusivis.

201 3301 283 3367 Aliis
308 3303 448 3384 vocibus,
470 3302 585 3388 quibus
609 3302 692 3366 inest
713 3304 763 3367 vis
787 3301 977 3382 conclusiva,
1001 3301 1168 3366 Lucretius
1191 3323 1267 3365 usus

89 3418 144 3473 cst
165 3407 230 3474 his:

200 3520 229 3599 a)
251 3517 329 3582 iude
351 3516 406 3585 IV
429 3519 490 3582 941
516 3518 558 3600 fit
580 3518 633 3581 cte·
650 3537 734 3603 pars
757 3517 834 3580 inde
857 3517 989 3580 aceruos
1012 3516 1175 3580 comatur.
1197 3566 1203 3580 .
1224 3543 1267 3573 1:

89 3622 167 3687 inde
192 3624 226 3687 lit
248 3632 284 3688 ut
306 3646 379 3711 pars
402 3624 517 3689 animai
541 3625 671 3688 eiciatur
678 3649 687 3704 3
717 3623 754 3691 V
779 3626 864 3688 1149
887 3624 964 3688 iude
993 3628 1100 3688 metus
1122 3625 1270 3687 maculet

85 3751 276 3815 poenorum
294 3732 448 3815 praemio
466 3732 562 3796 vitoe.
604 3731 769 3817 Nusquam
785 3731 859 3795 alibi
875 3731 908 3794 in
924 3732 1061 3795 carmine
1076 3730 1267 3795 Lucretiano

203 3911 223 3978 ¹)
243 3909 425 3976 Quaestiones
444 3910 635 3976 Lucretiauac,
655 3909 762 3963 dissert.
781 3910 874 3980 inaug.
890 3909 1041 3980 Gottingae
1059 3911 1127 3964 1868
1146 3927 1172 3980 p.
1184 3909 1218 3963 26
1228 3925 1268 3978 sq.

203 3998 223 4068 ²)
243 3999 376 4053 Similiter
393 3998 498 4054 iudicat
513 3998 698 4054 Sucenrihlius
718 3998 827 4067 (Philol.
842 3999 963 4052 XXVII
978 4017 1004 4069 p.
1020 4000 1051 4053 31
1068 3997 1142 4067 adn.)
1161 3997 1267 4051 dicens:

92 4089 145 4156 ,ist
165 4087 231 4142 aber
246 4089 296 4144 106
315 4089 409 4160 itaque
428 4088 536 4158 richtig,
556 4105 597 4143 wo
616 4105 681 4142 man
696 4087 768 4142 doch
787 4089 847 4142 eine
861 4087 1060 4159 begrtindende
1075 4086 1268 4153 Konjunktion

90 4178 241 4234 erwartet?
310 4228 317 4240 ,
