2978 4822
824 273 865 337 20

670 616 698 677 3.
723 612 775 677 De
798 612 952 699 particula
974 635 1022 678 ue.

369 767 528 835 Particula
550 793 587 836 ce
609 773 769 837 invenitur
796 772 882 837 etin
906 773 1070 838 sententiis
1094 772 1250 838 aientibus
1274 775 1376 837 etita
1399 781 1431 836 ut

261 876 333 938 voci
355 878 482 962 neganti
505 878 670 944 subiuncta
693 880 743 944 sit.

369 1006 397 1086 a)
426 1001 463 1066 P.
486 1024 524 1067 ce
552 1002 633 1068 duae
665 1006 811 1069 notiones
843 1003 1075 1090 disiunguntur
1096 1003 1152 1068 ΙΠ
1185 1007 1248 1070 885
1282 1005 1433 1086 (moereri

262 1108 381 1192 urive);
408 1108 464 1176 IV
486 1113 565 1191 489,
591 1112 690 1192 1009,
714 1114 827 1193 6141);
858 1111 896 1180 V
921 1114 1004 1176 1222
1029 1112 1224 1195 (admissum
1246 1111 1337 1196 foede
1361 1112 1429 1175 dle-

264 1219 373 1280 tumoe
399 1218 560 1301 superbe);
593 1217 648 1284 VI
678 1220 755 1299 114,
783 1221 847 1284 813
878 1219 967 1284 alles
996 1219 1132 1283 cudlsoe
1161 1216 1264 1301 (codd.
1295 1219 1431 1296 audire,-

262 1320 336 1386 Itali
366 1329 588 1408 correxerunt).
640 1324 831 1391 Coniectura
863 1325 923 1391 viri
955 1325 1040 1389 docti
1075 1348 1138 1390 uno
1170 1326 1240 1389 loco
1272 1349 1303 1410 p.
1330 1347 1369 1390 ue
1401 1325 1433 1388 in

262 1438 375 1514 poetae
398 1431 495 1496 verba
517 1432 697 1496 intulerunt.
744 1430 846 1497 Oudd.
870 1434 952 1497 enim
975 1432 1013 1501 V
1026 1435 1089 1497 983
1114 1432 1159 1496 sic
1181 1432 1346 1519 praebent:

465 1539 648 1624 spumigeri
669 1540 742 1604 suls
764 1541 909 1605 adveatu
931 1541 1097 1624 calidique
1121 1540 1232 1604 lacella

369 1662 451 1728 Cum
478 1664 510 1727 in
538 1663 596 1728 hac
624 1664 779 1750 scriptura
801 1672 926 1730 veteres
955 1663 1092 1729 editores
1116 1672 1149 1729 00
1171 1664 1360 1750 interpretes
1383 1686 1434 1727 ac-

262 1771 467 1854 quiescerent,
490 1770 618 1836 Lachm.
634 1779 667 1836 et
680 1772 775 1836 Bern.
798 1795 855 1858 pro
878 1773 1044 1857 validique
1063 1771 1265 1836 coniecerunt
1279 1770 1431 1834 eulldlue.

263 1875 369 1962 Atque
397 1876 529 1942 adnotat
554 1878 697 1944 Lachm:
729 1880 853 1962 „immo
880 1880 1022 1944 eulldlee
1052 1880 1175 1957 000000,
1208 1879 1248 1942 la
1271 1878 1330 1943 IV
1348 1880 1434 1942 1016

258 1985 441 2068 pantherae
464 2007 578 2050 morsu
599 1987 726 2052 saeelee
750 1987 886 2052 leoals.“
931 1987 1006 2065 Quo
1029 1986 1096 2050 iure
1115 1985 1244 2050 Iachm.
1260 1985 1321 2048 hcc
1340 2006 1433 2049 versu

263 2091 381 2156 nitatur
402 2115 511 2178 parum
535 2092 637 2158 video.
683 2092 721 2156 In
745 2092 800 2161 IV
826 2095 911 2158 1016
936 2092 995 2176 (ed.
1018 2092 1112 2157 Bern.
1137 2095 1235 2177 1009)
1263 2113 1314 2156 res
1342 2090 1433 2177 longe

263 2199 353 2264 aliter
386 2200 539 2265 sehabet
570 2207 664 2286 atque
696 2203 728 2264 in
761 2222 870 2280 versu,
905 2199 945 2265 de
977 2222 1039 2285 quo
1072 2199 1202 2284 agimus,
1247 2197 1319 2262 Illic
1352 2199 1433 2263 enim

263 2309 419 2370 sententia
441 2307 518 2371 haec
542 2315 604 2372 est:
637 2307 780 2371 homines
803 2307 837 2370 in
860 2309 978 2372 somnis
1002 2328 1096 2393 saepe
1119 2306 1224 2370 omnia
1247 2305 1433 2370 clamoribus

262 2413 421 2498 complent
450 2414 539 2498 quasi
566 2412 754 2478 mandantur
784 2435 890 2477 morsu
920 2413 1090 2499 pantherae
1120 2421 1176 2478 ant
1205 2414 1292 2477 saevi
1325 2413 1434 2477 leonis.

262 2519 327 2582 Hic
360 2520 456 2605 igitur
487 2519 641 2607 particula
671 2521 850 2606 copulativa
881 2520 989 2606 inepta
1021 2528 1114 2585 esset.
1169 2521 1215 2584 At
1246 2520 1280 2583 in
1309 2519 1347 2588 V
1372 2523 1433 2584 983

263 2635 405 2691 narratur
427 2627 545 2713 primos
569 2627 715 2692 mortales
739 2626 834 2692 modo
853 2628 1041 2714 spumigeris
1065 2627 1183 2706 suibus
1206 2624 1302 2691 modo
1320 2625 1434 2690 validis

262 2734 420 2815 10001000,
449 2756 551 2820 neque
575 2757 651 2801 vero
680 2735 788 2800 suibus
822 2743 877 2799 aut
904 2735 1048 2800 leonibus
1082 2756 1099 2798 0
1130 2735 1234 2798 saxeis
1265 2734 1358 2797 tectis
1381 2755 1435 2797 ex-

262 2841 371 2927 pulsos
395 2862 479 2922 esse,
506 2848 542 2906 ut
570 2850 701 2928 apparet
729 2865 768 2906 ex
790 2864 920 2906 numero
942 2841 1055 2928 plurali
1078 2839 1286 2925 „lwsplllbus
1308 2841 1434 2904 000000ί

263 2950 295 3011 in
319 2972 349 3013 v.
374 2952 449 3028 985,
473 2956 508 3012 00
531 2970 588 3012 suo
611 2951 678 3012 iure
702 2947 833 3012 adnotat
854 2947 981 3013 Munro.
1027 2946 1176 3013 Ceterum
1199 2946 1328 3011 Lachm.
1348 2948 1432 3011 eall-

264 3057 337 3120 dlce
360 3057 518 3120 coniciens
541 3078 650 3141 parum
675 3054 736 3120 sibi
758 3063 892 3120 constat
937 3055 1027 3120 Dicit
1054 3055 1137 3119 enim
1161 3056 1211 3119 vir
1233 3053 1435 3118 doctissimus

263 3162 360 3227 verba
387 3163 618 3247 saetigerisque
635 3183 737 3247 pares
758 3163 862 3227 subere
889 3164 921 3226 in
949 3186 980 3227 v.
1005 3163 1068 3226 906
1099 3159 1266 3226 referenda
1295 3181 1365 3224 esse
1396 3159 1436 3224 ad

263 3271 347 3335 vires
377 3268 656 3355 fortitudinemque
686 3271 858 3355 primorum
886 3268 1074 3333 mortalium.
1126 3267 1182 3333 Sin
1211 3275 1317 3331 autem
1343 3267 1436 3352 primi

263 3376 406 3442 homines
444 3377 552 3443 suibus
590 3398 682 3463 pares
721 3385 810 3441 erant
842 3376 962 3440 viribus
996 3397 1059 3439 non
1094 3375 1242 3459 intellego
1276 3372 1435 3459 quomodo

264 3484 372 3549 suibus
401 3508 418 3549 e
446 3486 589 3550 cavernis
617 3483 676 3549 eici
704 3484 865 3570 potuerint
894 3481 1064 3547 dummodo
1093 3489 1148 3546 aut
1177 3481 1347 3568 spumigeri
1370 3483 1436 3544 suis

264 3597 332 3654 aut
355 3590 451 3655 validi
479 3591 579 3656 leonis
603 3590 742 3655 adventu
766 3597 1012 3670 exterrerentur,
1040 3598 1075 3653 ut
1097 3589 1167 3653 vult
1189 3588 1318 3653 Lachm.
1364 3586 1437 3652 Ser-

264 3696 369 3762 vanda
391 3706 441 3762 est
462 3698 558 3783 igitur
581 3697 696 3763 tradita
719 3699 873 3784 scriptura
897 3698 1071 3782 validique.

356 3949 376 4019 ¹)
395 3948 481 4004 Codd.
493 3951 559 4019 plus
576 3968 652 4019 opere
670 3948 819 4004 Gocbclius
834 3948 971 4017 (Quaestt.
986 3965 1013 4017 p.
1024 3947 1069 4016 30)
1088 3947 1204 4002 coniecit
1219 3947 1315 4016 plusve
1328 3945 1437 4014 operui·

264 4037 387 4106 Lachm,
412 4056 494 4110 quem
513 4044 667 4110 sequuntur
685 4037 852 4109 Bernaysius
871 4043 899 4092 et
918 4037 1033 4104 Munro,
1052 4037 1144 4090 minus
1167 4035 1348 4107 probabiliter
1369 4037 1436 4103 pals

264 4147 395 4200 operuere.
