<?xml version="1.0" encoding="UTF-8"?>
<!DOCTYPE html PUBLIC "-//W3C//DTD XHTML 1.0 Transitional//EN"
    "http://www.w3.org/TR/xhtml1/DTD/xhtml1-transitional.dtd">
<html xmlns="http://www.w3.org/1999/xhtml" xml:lang="en" lang="en">
 <head>
  <title>
</title>
<meta http-equiv="Content-Type" content="text/html;charset=utf-8" />
  <meta name='ocr-system' content='tesseract 3.04.00' />
  <meta name='ocr-capabilities' content='ocr_page ocr_carea ocr_par ocr_line ocrx_word'/>
</head>
<body>
  <div class='ocr_page' id='page_1' title='image "./deconiunctionum00edelgoog_0060.png"; bbox 0 0 2978 4822; ppageno 0'>
   <div class='ocr_carea' id='block_1_1' title="bbox 637 295 679 358">
    <p class='ocr_par' dir='ltr' id='par_1_1' title="bbox 637 295 679 358">
     <span class='ocr_line' id='line_1_1' title="bbox 637 295 679 358; baseline -0.048 0"><span class='ocrx_word' id='word_1_1' title='bbox 637 295 679 358; x_wconf 77' lang='lat'><strong>57</strong></span> 
     </span>
    </p>
   </div>
   <div class='ocr_carea' id='block_1_2' title="bbox 17 487 1248 4112">
    <p class='ocr_par' dir='ltr' id='par_1_2' title="bbox 77 487 1243 789">
     <span class='ocr_line' id='line_1_2' title="bbox 179 487 1243 577; baseline -0.001 -23"><span class='ocrx_word' id='word_1_2' title='bbox 179 488 212 575; x_wconf 86' lang='lat' dir='ltr'><strong>d)</strong></span> <span class='ocrx_word' id='word_1_3' title='bbox 234 488 366 577; x_wconf 84' lang='lat' dir='ltr'><strong>perfecti</strong></span> <span class='ocrx_word' id='word_1_4' title='bbox 395 489 553 572; x_wconf 80' lang='lat' dir='ltr'><strong>historici,</strong></span> <span class='ocrx_word' id='word_1_5' title='bbox 578 488 672 554; x_wconf 70' lang='lat' dir='ltr'><strong>‘cuius</strong></span> <span class='ocrx_word' id='word_1_6' title='bbox 701 513 776 555; x_wconf 83' lang='lat' dir='ltr'><strong>usus</strong></span> <span class='ocrx_word' id='word_1_7' title='bbox 802 489 906 554; x_wconf 88' lang='lat' dir='ltr'><strong>unum</strong></span> <span class='ocrx_word' id='word_1_8' title='bbox 921 487 1043 555; x_wconf 85' lang='lat' dir='ltr'><strong>tantum</strong></span> <span class='ocrx_word' id='word_1_9' title='bbox 1066 488 1243 577; x_wconf 86' lang='lat' dir='ltr'><strong>exemplum</strong></span> 
     </span>
     <span class='ocr_line' id='line_1_3' title="bbox 77 594 1242 684; baseline 0 -22"><span class='ocrx_word' id='word_1_10' title='bbox 77 604 177 662; x_wconf 85' lang='lat' dir='ltr'><strong>exstat</strong></span> <span class='ocrx_word' id='word_1_11' title='bbox 198 598 231 661; x_wconf 91' lang='lat' dir='ltr'><strong>in</strong></span> <span class='ocrx_word' id='word_1_12' title='bbox 254 597 391 662; x_wconf 80' lang='lat' dir='ltr'><strong>carmine</strong></span> <span class='ocrx_word' id='word_1_13' title='bbox 410 597 600 664; x_wconf 90' lang='lat' dir='ltr'><strong>Lucretiano</strong></span> <span class='ocrx_word' id='word_1_14' title='bbox 618 598 656 666; x_wconf 88' lang='lat' dir='ltr'>V</span> <span class='ocrx_word' id='word_1_15' title='bbox 671 601 735 663; x_wconf 84' lang='lat'><strong>413</strong></span> <span class='ocrx_word' id='word_1_16' title='bbox 756 620 822 684; x_wconf 85' lang='lat' dir='ltr'>sqq.</span> <span class='ocrx_word' id='word_1_17' title='bbox 845 599 916 681; x_wconf 76' lang='lat' dir='ltr'><strong>(abi</strong></span> <span class='ocrx_word' id='word_1_18' title='bbox 937 594 1068 664; x_wconf 79' lang='lat' dir='ltr'><strong>recessit</strong></span> <span class='ocrx_word' id='word_1_19' title='bbox 1088 594 1140 662; x_wconf 73' lang='lat' dir='ltr'><strong>ate</strong></span> <span class='ocrx_word' id='word_1_20' title='bbox 1165 649 1171 663; x_wconf 95' lang='lat'>.</span> <span class='ocrx_word' id='word_1_21' title='bbox 1200 650 1206 662; x_wconf 91' lang='lat'>.</span> <span class='ocrx_word' id='word_1_22' title='bbox 1235 645 1242 662; x_wconf 87' lang='lat'><strong>.</strong></span> 
     </span>
     <span class='ocr_line' id='line_1_4' title="bbox 78 705 1018 789; baseline -0.003 -19"><span class='ocrx_word' id='word_1_23' title='bbox 78 705 292 770; x_wconf 68' lang='lat' dir='ltr'><strong>wratiteraat</strong></span> <span class='ocrx_word' id='word_1_24' title='bbox 311 705 453 789; x_wconf 75' lang='lat' dir='ltr'><strong>imbres).</strong></span> <span class='ocrx_word' id='word_1_25' title='bbox 1016 720 1018 724; x_wconf 90' lang='grc'><strong><em>·</em></strong></span> 
     </span>
    </p>

    <p class='ocr_par' dir='ltr' id='par_1_3' title="bbox 77 811 1244 1002">
     <span class='ocr_line' id='line_1_5' title="bbox 180 811 1244 900; baseline 0 -23"><span class='ocrx_word' id='word_1_26' title='bbox 180 816 208 893; x_wconf 85' lang='lat' dir='ltr'><strong>e)</strong></span> <span class='ocrx_word' id='word_1_27' title='bbox 230 811 328 876; x_wconf 87' lang='lat' dir='ltr'><strong>futuri</strong></span> <span class='ocrx_word' id='word_1_28' title='bbox 343 812 436 898; x_wconf 90' lang='lat' dir='ltr'><strong>primi</strong></span> <span class='ocrx_word' id='word_1_29' title='bbox 450 811 470 876; x_wconf 94' lang='lat' dir='ltr'>I</span> <span class='ocrx_word' id='word_1_30' title='bbox 486 815 565 893; x_wconf 80' lang='lat'>854;</span> <span class='ocrx_word' id='word_1_31' title='bbox 583 812 640 876; x_wconf 87' lang='lat' dir='ltr'><strong>HI</strong></span> <span class='ocrx_word' id='word_1_32' title='bbox 656 814 719 879; x_wconf 88' lang='grc'><strong>836</strong></span> <span class='ocrx_word' id='word_1_33' title='bbox 726 836 736 894; x_wconf 83' lang='grc'><strong>;</strong></span> <span class='ocrx_word' id='word_1_34' title='bbox 751 811 807 882; x_wconf 87' lang='lat' dir='ltr'><strong>VI</strong></span> <span class='ocrx_word' id='word_1_35' title='bbox 825 815 885 878; x_wconf 88' lang='lat'><strong>191</strong></span> <span class='ocrx_word' id='word_1_36' title='bbox 904 817 991 897; x_wconf 83' lang='lat' dir='ltr'><strong>(cara</strong></span> <span class='ocrx_word' id='word_1_37' title='bbox 1002 813 1204 900; x_wconf 74' lang='lat' dir='ltr'><strong>portabant.</strong></span> <span class='ocrx_word' id='word_1_38' title='bbox 1217 861 1244 877; x_wconf 92' lang='lat'><strong>..</strong></span> 
     </span>
     <span class='ocr_line' id='line_1_6' title="bbox 77 918 540 1002; baseline 0.002 -19"><span class='ocrx_word' id='word_1_39' title='bbox 77 924 134 983; x_wconf 87' lang='lat' dir='ltr'><strong>aat</strong></span> <span class='ocrx_word' id='word_1_40' title='bbox 153 918 215 983; x_wconf 80' lang='lat' dir='ltr'><strong>ade‘</strong></span> <span class='ocrx_word' id='word_1_41' title='bbox 236 918 378 1002; x_wconf 60' lang='lat' dir='ltr'><strong>radebat.</strong></span> <span class='ocrx_word' id='word_1_42' title='bbox 538 943 540 948; x_wconf 68' lang='grc'>’</span> 
     </span>
    </p>

    <p class='ocr_par' dir='ltr' id='par_1_4' title="bbox 76 1024 1244 1214">
     <span class='ocr_line' id='line_1_7' title="bbox 178 1024 1244 1114; baseline 0.002 -24"><span class='ocrx_word' id='word_1_43' title='bbox 178 1025 204 1108; x_wconf 80' lang='lat' dir='ltr'><strong>f)</strong></span> <span class='ocrx_word' id='word_1_44' title='bbox 225 1024 324 1090; x_wconf 85' lang='lat' dir='ltr'><strong>firturi</strong></span> <span class='ocrx_word' id='word_1_45' title='bbox 339 1025 442 1091; x_wconf 87' lang='lat' dir='ltr'><strong>exacti</strong></span> <span class='ocrx_word' id='word_1_46' title='bbox 457 1025 476 1090; x_wconf 98' lang='lat' dir='ltr'>I</span> <span class='ocrx_word' id='word_1_47' title='bbox 491 1029 554 1092; x_wconf 83' lang='lat'><strong>155</strong></span> <span class='ocrx_word' id='word_1_48' title='bbox 571 1027 641 1110; x_wconf 74' lang='lat' dir='ltr'><strong>(aa</strong></span> <span class='ocrx_word' id='word_1_49' title='bbox 652 1027 834 1092; x_wconf 67' lang='lat' dir='ltr'><strong>viderimus</strong></span> <span class='ocrx_word' id='word_1_50' title='bbox 844 1066 886 1076; x_wconf 88' lang='lat'><em>-</em></span> <span class='ocrx_word' id='word_1_51' title='bbox 897 1033 969 1092; x_wconf 83' lang='lat' dir='ltr'><strong>tam</strong></span> <span class='ocrx_word' id='word_1_52' title='bbox 979 1027 1244 1114; x_wconf 70' lang='lat' dir='ltr'><strong>perspiciemus-&gt;5</strong></span> 
     </span>
     <span class='ocr_line' id='line_1_8' title="bbox 76 1131 389 1214; baseline 0.006 -18"><span class='ocrx_word' id='word_1_53' title='bbox 76 1132 214 1214; x_wconf 76' lang='lat'>114873</span> <span class='ocrx_word' id='word_1_54' title='bbox 236 1131 292 1202; x_wconf 87' lang='lat' dir='ltr'><strong>VI</strong></span> <span class='ocrx_word' id='word_1_55' title='bbox 315 1135 389 1198; x_wconf 88' lang='lat'><strong>996.</strong></span> 
     </span>
    </p>

    <p class='ocr_par' dir='ltr' id='par_1_5' title="bbox 17 1239 1246 1538">
     <span class='ocr_line' id='line_1_9' title="bbox 178 1239 1246 1329; baseline 0 -25"><span class='ocrx_word' id='word_1_56' title='bbox 178 1244 209 1325; x_wconf 85' lang='lat' dir='ltr'><strong>g)</strong></span> <span class='ocrx_word' id='word_1_57' title='bbox 231 1239 409 1327; x_wconf 76' lang='lat' dir='ltr'><strong>imperfecti</strong></span> <span class='ocrx_word' id='word_1_58' title='bbox 431 1241 464 1305; x_wconf 91' lang='lat' dir='ltr'><strong>in</strong></span> <span class='ocrx_word' id='word_1_59' title='bbox 487 1241 665 1306; x_wconf 79' lang='lat' dir='ltr'><strong>narratione</strong></span> <span class='ocrx_word' id='word_1_60' title='bbox 688 1242 819 1306; x_wconf 85' lang='lat' dir='ltr'><strong>alicuius</strong></span> <span class='ocrx_word' id='word_1_61' title='bbox 841 1241 896 1323; x_wconf 89' lang='lat' dir='ltr'><strong>rei,</strong></span> <span class='ocrx_word' id='word_1_62' title='bbox 919 1263 999 1328; x_wconf 91' lang='lat' dir='ltr'><strong>quae</strong></span> <span class='ocrx_word' id='word_1_63' title='bbox 1022 1263 1116 1329; x_wconf 86' lang='lat' dir='ltr'><strong>saepe</strong></span> <span class='ocrx_word' id='word_1_64' title='bbox 1132 1239 1246 1306; x_wconf 89' lang='lat' dir='ltr'><strong>accidit</strong></span> 
     </span>
     <span class='ocr_line' id='line_1_10' title="bbox 17 1346 1245 1434; baseline -0.001 -20"><span class='ocrx_word' id='word_1_65' title='bbox 17 1387 18 1398; x_wconf 30' lang='grc' dir='ltr'><strong>κ</strong></span> <span class='ocrx_word' id='word_1_66' title='bbox 76 1346 128 1414; x_wconf 86' lang='lat' dir='ltr'><strong>VI</strong></span> <span class='ocrx_word' id='word_1_67' title='bbox 148 1349 234 1412; x_wconf 84' lang='grc'><strong>1228</strong></span> <span class='ocrx_word' id='word_1_68' title='bbox 257 1347 327 1431; x_wconf 82' lang='lat' dir='ltr'><strong>(abi</strong></span> <span class='ocrx_word' id='word_1_69' title='bbox 347 1369 382 1412; x_wconf 82' lang='lat' dir='ltr'><strong>se</strong></span> <span class='ocrx_word' id='word_1_70' title='bbox 405 1349 543 1433; x_wconf 75' lang='lat' dir='ltr'><strong>qaisqae</strong></span> <span class='ocrx_word' id='word_1_71' title='bbox 565 1349 695 1414; x_wconf 79' lang='lat' dir='ltr'><strong>uidebat</strong></span> <span class='ocrx_word' id='word_1_72' title='bbox 715 1349 918 1434; x_wconf 76' lang='lat' dir='ltr'><strong>implicitam</strong></span> <span class='ocrx_word' id='word_1_73' title='bbox 937 1350 1049 1414; x_wconf 83' lang='lat' dir='ltr'><strong>morbo</strong></span> <span class='ocrx_word' id='word_1_74' title='bbox 1124 1353 1245 1413; x_wconf 81' lang='lat' dir='ltr'><strong>maesto</strong></span> 
     </span>
     <span class='ocr_line' id='line_1_11' title="bbox 77 1455 1041 1538; baseline 0.003 -20"><span class='ocrx_word' id='word_1_75' title='bbox 77 1475 149 1520; x_wconf 79' lang='lat' dir='ltr'><strong>carra</strong></span> <span class='ocrx_word' id='word_1_76' title='bbox 171 1456 264 1520; x_wconf 85' lang='lat' dir='ltr'><strong>eorde</strong></span> <span class='ocrx_word' id='word_1_77' title='bbox 285 1455 435 1538; x_wconf 67' lang='lat' dir='ltr'><strong>iacebat).</strong></span> <span class='ocrx_word' id='word_1_78' title='bbox 1037 1525 1041 1530; x_wconf 63' lang='grc'>,</span> 
     </span>
    </p>

    <p class='ocr_par' dir='ltr' id='par_1_6' title="bbox 77 1560 1248 1970">
     <span class='ocr_line' id='line_1_12' title="bbox 178 1560 1246 1650; baseline 0 -25"><span class='ocrx_word' id='word_1_79' title='bbox 178 1560 211 1644; x_wconf 88' lang='lat' dir='ltr'><strong>h)</strong></span> <span class='ocrx_word' id='word_1_80' title='bbox 240 1561 539 1650; x_wconf 85' lang='lat' dir='ltr'><strong>plusquamperfecti</strong></span> <span class='ocrx_word' id='word_1_81' title='bbox 569 1562 611 1628; x_wconf 89' lang='lat' dir='ltr'><strong>ad</strong></span> <span class='ocrx_word' id='word_1_82' title='bbox 639 1585 722 1644; x_wconf 91' lang='lat' dir='ltr'><strong>rem,</strong></span> <span class='ocrx_word' id='word_1_83' title='bbox 752 1585 832 1650; x_wconf 90' lang='lat' dir='ltr'><strong>quae</strong></span> <span class='ocrx_word' id='word_1_84' title='bbox 863 1585 957 1649; x_wconf 84' lang='lat' dir='ltr'><strong>saepe</strong></span> <span class='ocrx_word' id='word_1_85' title='bbox 991 1561 1168 1642; x_wconf 85' lang='lat' dir='ltr'><strong>accidebat,</strong></span> <span class='ocrx_word' id='word_1_86' title='bbox 1197 1563 1246 1625; x_wconf 91' lang='lat' dir='ltr'><strong>in·</strong></span> 
     </span>
     <span class='ocr_line' id='line_1_13' title="bbox 77 1667 1248 1756; baseline 0.001 -24"><span class='ocrx_word' id='word_1_87' title='bbox 77 1667 240 1734; x_wconf 83' lang='lat' dir='ltr'><strong>dicandam</strong></span> <span class='ocrx_word' id='word_1_88' title='bbox 263 1668 299 1736; x_wconf 89' lang='lat' dir='ltr'>V</span> <span class='ocrx_word' id='word_1_89' title='bbox 315 1670 379 1734; x_wconf 83' lang='lat'><strong>806</strong></span> <span class='ocrx_word' id='word_1_90' title='bbox 401 1675 492 1755; x_wconf 83' lang='lat' dir='ltr'><strong>(quos</strong></span> <span class='ocrx_word' id='word_1_91' title='bbox 507 1670 568 1734; x_wconf 81' lang='lat' dir='ltr'><strong>abi</strong></span> <span class='ocrx_word' id='word_1_92' title='bbox 582 1677 693 1736; x_wconf 78' lang='lat' dir='ltr'><strong>aestas</strong></span> <span class='ocrx_word' id='word_1_93' title='bbox 703 1672 904 1756; x_wconf 81' lang='lat' dir='ltr'><strong>patefecerat</strong></span> <span class='ocrx_word' id='word_1_94' title='bbox 918 1711 959 1718; x_wconf 98' lang='lat'><strong>—</strong></span> <span class='ocrx_word' id='word_1_95' title='bbox 975 1670 1025 1734; x_wconf 79' lang='lat' dir='ltr'><strong>ibi</strong></span> <span class='ocrx_word' id='word_1_96' title='bbox 1044 1670 1248 1735; x_wconf 65' lang='lat' dir='ltr'><strong>macerabat</strong></span> 
     </span>
     <span class='ocr_line' id='line_1_14' title="bbox 77 1775 1245 1864; baseline 0.002 -24"><span class='ocrx_word' id='word_1_97' title='bbox 77 1781 198 1841; x_wconf 79' lang='lat' dir='ltr'><strong>catara</strong></span> <span class='ocrx_word' id='word_1_98' title='bbox 219 1775 391 1860; x_wconf 76' lang='lat' dir='ltr'><strong>foramina</strong></span> <span class='ocrx_word' id='word_1_99' title='bbox 414 1781 547 1862; x_wconf 83' lang='lat' dir='ltr'><strong>terrae);</strong></span> <span class='ocrx_word' id='word_1_100' title='bbox 573 1777 628 1846; x_wconf 94' lang='lat' dir='ltr'><strong>VI</strong></span> <span class='ocrx_word' id='word_1_101' title='bbox 644 1780 730 1843; x_wconf 79' lang='grc'><strong>1149</strong></span> <span class='ocrx_word' id='word_1_102' title='bbox 754 1779 824 1862; x_wconf 78' lang='lat' dir='ltr'><strong>(aba¹</strong></span> <span class='ocrx_word' id='word_1_103' title='bbox 846 1778 1061 1864; x_wconf 79' lang='lat' dir='ltr'><strong>compleverat</strong></span> <span class='ocrx_word' id='word_1_104' title='bbox 1071 1783 1187 1863; x_wconf 82' lang='lat' dir='ltr'><strong>pectas</strong></span> <span class='ocrx_word' id='word_1_105' title='bbox 1203 1816 1245 1824; x_wconf 91' lang='lat'>—</span> 
     </span>
     <span class='ocr_line' id='line_1_15' title="bbox 78 1883 1186 1970; baseline 0.001 -23"><span class='ocrx_word' id='word_1_106' title='bbox 78 1883 159 1948; x_wconf 77' lang='lat' dir='ltr'><strong>citae</strong></span> <span class='ocrx_word' id='word_1_107' title='bbox 182 1884 327 1948; x_wconf 65' lang='lat' dir='ltr'><strong>amostra</strong></span> <span class='ocrx_word' id='word_1_108' title='bbox 351 1884 527 1969; x_wconf 66' lang='lat' dir='ltr'><strong>tardabant),</strong></span> <span class='ocrx_word' id='word_1_109' title='bbox 552 1887 636 1949; x_wconf 83' lang='grc'><strong>1216</strong></span> <span class='ocrx_word' id='word_1_110' title='bbox 661 1886 732 1968; x_wconf 79' lang='lat' dir='ltr'><strong>(abi</strong></span> <span class='ocrx_word' id='word_1_111' title='bbox 751 1890 904 1970; x_wconf 69' lang='lat' dir='ltr'><strong>praeterat</strong></span> <span class='ocrx_word' id='word_1_112' title='bbox 926 1924 969 1932; x_wconf 92' lang='lat'>—</span> <span class='ocrx_word' id='word_1_113' title='bbox 993 1885 1186 1969; x_wconf 63' lang='lat' dir='ltr'><strong>aequabat).</strong></span> 
     </span>
    </p>

    <p class='ocr_par' dir='ltr' id='par_1_7' title="bbox 79 1988 1247 3148">
     <span class='ocr_line' id='line_1_16' title="bbox 128 1988 408 2055; baseline 0.004 -1"><span class='ocrx_word' id='word_1_114' title='bbox 128 1993 156 2054; x_wconf 83' lang='lat'><strong>2.</strong></span> <span class='ocrx_word' id='word_1_115' title='bbox 179 1988 408 2055; x_wconf 79' lang='lat' dir='ltr'><strong>Coniunctivus</strong></span> 
     </span>
     <span class='ocr_line' id='line_1_17' title="bbox 179 2095 1245 2184; baseline 0.001 -23"><span class='ocrx_word' id='word_1_116' title='bbox 179 2101 208 2181; x_wconf 85' lang='lat' dir='ltr'><strong>a)</strong></span> <span class='ocrx_word' id='word_1_117' title='bbox 231 2095 362 2184; x_wconf 85' lang='lat' dir='ltr'><strong>perfecti</strong></span> <span class='ocrx_word' id='word_1_118' title='bbox 394 2097 450 2167; x_wconf 88' lang='lat' dir='ltr'><strong>VI</strong></span> <span class='ocrx_word' id='word_1_119' title='bbox 481 2101 564 2180; x_wconf 74' lang='lat'>8543</span> <span class='ocrx_word' id='word_1_120' title='bbox 597 2099 816 2165; x_wconf 83' lang='lat' dir='ltr'><strong>coniunctivus</strong></span> <span class='ocrx_word' id='word_1_121' title='bbox 848 2098 899 2163; x_wconf 88' lang='lat' dir='ltr'><strong>hia</strong></span> <span class='ocrx_word' id='word_1_122' title='bbox 930 2121 1056 2164; x_wconf 85' lang='lat' dir='ltr'><strong>causam</strong></span> <span class='ocrx_word' id='word_1_123' title='bbox 1087 2097 1184 2163; x_wconf 91' lang='lat' dir='ltr'><strong>habet</strong></span> <span class='ocrx_word' id='word_1_124' title='bbox 1212 2098 1245 2163; x_wconf 92' lang='lat' dir='ltr'><strong>in</strong></span> 
     </span>
     <span class='ocr_line' id='line_1_18' title="bbox 79 2203 1184 2270; baseline 0.004 -3"><span class='ocrx_word' id='word_1_125' title='bbox 79 2203 178 2268; x_wconf 85' lang='lat' dir='ltr'><strong>vicino</strong></span> <span class='ocrx_word' id='word_1_126' title='bbox 200 2203 366 2270; x_wconf 86' lang='lat' dir='ltr'><strong>infinitiva.</strong></span> <span class='ocrx_word' id='word_1_127' title='bbox 819 2220 823 2230; x_wconf 91' lang='lat'>&#39;</span> <span class='ocrx_word' id='word_1_128' title='bbox 1182 2228 1184 2232; x_wconf 80' lang='grc'><strong>’</strong></span> 
     </span>
     <span class='ocr_line' id='line_1_19' title="bbox 161 2311 1245 2399; baseline 0.001 -23"><span class='ocrx_word' id='word_1_129' title='bbox 161 2311 211 2394; x_wconf 72' lang='lat' dir='ltr'><strong>‘bt</strong></span> <span class='ocrx_word' id='word_1_130' title='bbox 234 2312 409 2398; x_wconf 86' lang='lat' dir='ltr'><strong>praesentis</strong></span> <span class='ocrx_word' id='word_1_131' title='bbox 432 2312 469 2377; x_wconf 92' lang='grc' dir='ltr'>Π</span> <span class='ocrx_word' id='word_1_132' title='bbox 489 2315 553 2378; x_wconf 89' lang='grc'><strong>313</strong></span> <span class='ocrx_word' id='word_1_133' title='bbox 577 2315 648 2396; x_wconf 75' lang='lat' dir='ltr'><strong>(abi</strong></span> <span class='ocrx_word' id='word_1_134' title='bbox 668 2319 838 2399; x_wconf 78' lang='lat' dir='ltr'><strong>nequeas);</strong></span> <span class='ocrx_word' id='word_1_135' title='bbox 860 2313 917 2378; x_wconf 95' lang='grc' dir='ltr'><strong>ΙΠ</strong></span> <span class='ocrx_word' id='word_1_136' title='bbox 933 2315 997 2379; x_wconf 87' lang='grc'><strong>868</strong></span> <span class='ocrx_word' id='word_1_137' title='bbox 1021 2313 1091 2395; x_wconf 80' lang='lat' dir='ltr'><strong>(abi</strong></span> <span class='ocrx_word' id='word_1_138' title='bbox 1109 2313 1245 2395; x_wconf 50' lang='lat' dir='ltr'><strong>ardema</strong></span> 
     </span>
     <span class='ocr_line' id='line_1_20' title="bbox 79 2417 1245 2505; baseline -0.003 -20"><span class='ocrx_word' id='word_1_139' title='bbox 79 2417 112 2485; x_wconf 88' lang='lat' dir='ltr'>V</span> <span class='ocrx_word' id='word_1_140' title='bbox 135 2420 196 2484; x_wconf 90' lang='lat'><strong>100</strong></span> <span class='ocrx_word' id='word_1_141' title='bbox 227 2419 297 2502; x_wconf 82' lang='lat' dir='ltr'><strong>(abi</strong></span> <span class='ocrx_word' id='word_1_142' title='bbox 325 2420 502 2504; x_wconf 78' lang='lat' dir='ltr'><strong>adportes);</strong></span> <span class='ocrx_word' id='word_1_143' title='bbox 532 2420 588 2488; x_wconf 90' lang='lat' dir='ltr'><strong>VI</strong></span> <span class='ocrx_word' id='word_1_144' title='bbox 611 2424 673 2486; x_wconf 87' lang='lat'><strong>901</strong></span> <span class='ocrx_word' id='word_1_145' title='bbox 706 2422 776 2504; x_wconf 77' lang='lat' dir='ltr'><strong>(aa</strong></span> <span class='ocrx_word' id='word_1_146' title='bbox 798 2423 997 2505; x_wconf 78' lang='lat' dir='ltr'><strong>admoveac);</strong></span> <span class='ocrx_word' id='word_1_147' title='bbox 1027 2419 1171 2484; x_wconf 84' lang='lat' dir='ltr'><strong>omnibus</strong></span> <span class='ocrx_word' id='word_1_148' title='bbox 1195 2418 1245 2483; x_wconf 85' lang='lat' dir='ltr'><strong>his</strong></span> 
     </span>
     <span class='ocr_line' id='line_1_21' title="bbox 80 2524 1247 2614; baseline 0.002 -26"><span class='ocrx_word' id='word_1_149' title='bbox 80 2524 150 2591; x_wconf 89' lang='lat' dir='ltr'><strong>locis</strong></span> <span class='ocrx_word' id='word_1_150' title='bbox 173 2524 313 2590; x_wconf 86' lang='lat' dir='ltr'><strong>secunda</strong></span> <span class='ocrx_word' id='word_1_151' title='bbox 334 2549 470 2612; x_wconf 87' lang='lat' dir='ltr'><strong>persona</strong></span> <span class='ocrx_word' id='word_1_152' title='bbox 491 2526 646 2611; x_wconf 76' lang='lat' dir='ltr'><strong>generalis</strong></span> <span class='ocrx_word' id='word_1_153' title='bbox 670 2527 881 2614; x_wconf 85' lang='lat' dir='ltr'><strong>intellegenda</strong></span> <span class='ocrx_word' id='word_1_154' title='bbox 897 2536 954 2593; x_wconf 83' lang='lat' dir='ltr'><strong>est</strong></span> <span class='ocrx_word' id='word_1_155' title='bbox 988 2527 1096 2592; x_wconf 81' lang='lat' dir='ltr'><strong>Tertia</strong></span> <span class='ocrx_word' id='word_1_156' title='bbox 1111 2548 1247 2612; x_wconf 84' lang='lat' dir='ltr'><strong>persona</strong></span> 
     </span>
     <span class='ocr_line' id='line_1_22' title="bbox 80 2632 1245 2720; baseline 0 -24"><span class='ocrx_word' id='word_1_157' title='bbox 80 2632 265 2698; x_wconf 82' lang='lat' dir='ltr'><strong>coniunctivi</strong></span> <span class='ocrx_word' id='word_1_158' title='bbox 295 2634 469 2720; x_wconf 83' lang='lat' dir='ltr'><strong>praesentis</strong></span> <span class='ocrx_word' id='word_1_159' title='bbox 499 2632 614 2720; x_wconf 85' lang='lat' dir='ltr'><strong>legitur</strong></span> <span class='ocrx_word' id='word_1_160' title='bbox 642 2634 804 2715; x_wconf 72' lang='lat'>1115043</span> <span class='ocrx_word' id='word_1_161' title='bbox 833 2634 889 2702; x_wconf 85' lang='lat' dir='ltr'><strong>IV</strong></span> <span class='ocrx_word' id='word_1_162' title='bbox 912 2637 986 2700; x_wconf 86' lang='lat'><strong>203.</strong></span> <span class='ocrx_word' id='word_1_163' title='bbox 1037 2633 1173 2698; x_wconf 85' lang='lat' dir='ltr'><strong>Duobus</strong></span> <span class='ocrx_word' id='word_1_164' title='bbox 1197 2633 1245 2697; x_wconf 90' lang='lat' dir='ltr'><strong>his</strong></span> 
     </span>
     <span class='ocr_line' id='line_1_23' title="bbox 79 2738 1246 2828; baseline 0.001 -26"><span class='ocrx_word' id='word_1_165' title='bbox 79 2738 150 2804; x_wconf 88' lang='lat' dir='ltr'><strong>loeis</strong></span> <span class='ocrx_word' id='word_1_166' title='bbox 179 2739 398 2823; x_wconf 81' lang='lat' dir='ltr'><strong>coniunctivus</strong></span> <span class='ocrx_word' id='word_1_167' title='bbox 428 2740 543 2826; x_wconf 85' lang='lat' dir='ltr'><strong>legitur</strong></span> <span class='ocrx_word' id='word_1_168' title='bbox 572 2741 683 2806; x_wconf 88' lang='lat' dir='ltr'><strong>eadem</strong></span> <span class='ocrx_word' id='word_1_169' title='bbox 712 2741 752 2806; x_wconf 93' lang='lat' dir='ltr'><strong>de</strong></span> <span class='ocrx_word' id='word_1_170' title='bbox 782 2764 892 2822; x_wconf 88' lang='lat' dir='ltr'><strong>causa,</strong></span> <span class='ocrx_word' id='word_1_171' title='bbox 923 2763 986 2828; x_wconf 90' lang='lat' dir='ltr'><strong>qua</strong></span> <span class='ocrx_word' id='word_1_172' title='bbox 1014 2740 1070 2809; x_wconf 89' lang='lat' dir='ltr'><strong>VI</strong></span> <span class='ocrx_word' id='word_1_173' title='bbox 1100 2743 1165 2805; x_wconf 82' lang='lat'><strong>854</strong></span> <span class='ocrx_word' id='word_1_174' title='bbox 1195 2739 1246 2822; x_wconf 86' lang='lat' dir='ltr'><strong>(cf.</strong></span> 
     </span>
     <span class='ocr_line' id='line_1_24' title="bbox 81 2846 1246 2936; baseline 0.002 -27"><span class='ocrx_word' id='word_1_175' title='bbox 81 2853 186 2932; x_wconf 77' lang='lat' dir='ltr'><strong>supra).</strong></span> <span class='ocrx_word' id='word_1_176' title='bbox 231 2847 369 2912; x_wconf 88' lang='lat' dir='ltr'><strong>Primam</strong></span> <span class='ocrx_word' id='word_1_177' title='bbox 399 2869 567 2934; x_wconf 86' lang='lat' dir='ltr'><strong>personam</strong></span> <span class='ocrx_word' id='word_1_178' title='bbox 596 2847 726 2934; x_wconf 80' lang='lat' dir='ltr'><strong>plmalis</strong></span> <span class='ocrx_word' id='word_1_179' title='bbox 756 2848 936 2914; x_wconf 89' lang='lat' dir='ltr'><strong>coniectura</strong></span> <span class='ocrx_word' id='word_1_180' title='bbox 957 2849 991 2912; x_wconf 90' lang='lat' dir='ltr'><strong>in</strong></span> <span class='ocrx_word' id='word_1_181' title='bbox 1012 2854 1126 2936; x_wconf 82' lang='lat' dir='ltr'><strong>poetae</strong></span> <span class='ocrx_word' id='word_1_182' title='bbox 1149 2846 1246 2912; x_wconf 89' lang='lat' dir='ltr'><strong>verba</strong></span> 
     </span>
     <span class='ocr_line' id='line_1_25' title="bbox 80 2950 1018 3040; baseline 0.006 -25"><span class='ocrx_word' id='word_1_183' title='bbox 80 2950 179 3018; x_wconf 87' lang='lat' dir='ltr'><strong>intulit</strong></span> <span class='ocrx_word' id='word_1_184' title='bbox 200 2953 329 3019; x_wconf 84' lang='lat' dir='ltr'><strong>Lachm.</strong></span> <span class='ocrx_word' id='word_1_185' title='bbox 363 2954 496 3040; x_wconf 82' lang='lat' dir='ltr'><strong>Legitur</strong></span> <span class='ocrx_word' id='word_1_186' title='bbox 518 2957 601 3020; x_wconf 92' lang='lat' dir='ltr'><strong>enim</strong></span> <span class='ocrx_word' id='word_1_187' title='bbox 624 2957 657 3020; x_wconf 92' lang='lat' dir='ltr'><strong>in</strong></span> <span class='ocrx_word' id='word_1_188' title='bbox 680 2954 773 3021; x_wconf 89' lang='lat' dir='ltr'><strong>codd.</strong></span> <span class='ocrx_word' id='word_1_189' title='bbox 795 2956 851 3025; x_wconf 85' lang='lat' dir='ltr'><strong>IV</strong></span> <span class='ocrx_word' id='word_1_190' title='bbox 868 2957 931 3022; x_wconf 83' lang='grc'><strong>596</strong></span> <span class='ocrx_word' id='word_1_191' title='bbox 956 2955 1018 3021; x_wconf 85' lang='lat' dir='ltr'><strong>sic:</strong></span> 
     </span>
     <span class='ocr_line' id='line_1_26' title="bbox 180 3062 1137 3148; baseline 0.002 -22"><span class='ocrx_word' id='word_1_192' title='bbox 180 3062 391 3146; x_wconf 76' lang='lat' dir='ltr'><strong>conloquium</strong></span> <span class='ocrx_word' id='word_1_193' title='bbox 414 3063 537 3127; x_wconf 70' lang='lat' dir='ltr'><strong>adramis</strong></span> <span class='ocrx_word' id='word_1_194' title='bbox 559 3062 689 3147; x_wconf 67' lang='lat' dir='ltr'><strong>scribas</strong></span> <span class='ocrx_word' id='word_1_195' title='bbox 712 3085 839 3148; x_wconf 86' lang='lat' dir='ltr'><strong>qaoqae</strong></span> <span class='ocrx_word' id='word_1_196' title='bbox 861 3085 955 3148; x_wconf 83' lang='lat' dir='ltr'><strong>saepe</strong></span> <span class='ocrx_word' id='word_1_197' title='bbox 978 3063 1137 3128; x_wconf 69' lang='lat' dir='ltr'><strong>videram.</strong></span> 
     </span>
    </p>

    <p class='ocr_par' dir='ltr' id='par_1_8' title="bbox 81 3168 1248 4003">
     <span class='ocr_line' id='line_1_27' title="bbox 179 3168 1246 3254; baseline 0 -22"><span class='ocrx_word' id='word_1_198' title='bbox 179 3168 243 3232; x_wconf 93' lang='lat' dir='ltr'><strong>Pro</strong></span> <span class='ocrx_word' id='word_1_199' title='bbox 275 3168 373 3233; x_wconf 89' lang='lat' dir='ltr'><strong>verbo</strong></span> <span class='ocrx_word' id='word_1_200' title='bbox 410 3169 507 3254; x_wconf 85' lang='lat' dir='ltr'><strong>igitur</strong></span> <span class='ocrx_word' id='word_1_201' title='bbox 542 3170 707 3252; x_wconf 78' lang='lat' dir='ltr'><strong>uidemus,</strong></span> <span class='ocrx_word' id='word_1_202' title='bbox 745 3171 833 3234; x_wconf 85' lang='lat' dir='ltr'><strong>cuius</strong></span> <span class='ocrx_word' id='word_1_203' title='bbox 870 3171 1031 3234; x_wconf 89' lang='lat' dir='ltr'><strong>notionem</strong></span> <span class='ocrx_word' id='word_1_204' title='bbox 1062 3168 1104 3233; x_wconf 86' lang='lat' dir='ltr'><strong>ad</strong></span> <span class='ocrx_word' id='word_1_205' title='bbox 1135 3191 1246 3234; x_wconf 92' lang='lat' dir='ltr'><strong>vocem</strong></span> 
     </span>
     <span class='ocr_line' id='line_1_28' title="bbox 81 3275 1243 3362; baseline 0.005 -26"><span class='ocrx_word' id='word_1_206' title='bbox 81 3275 232 3361; x_wconf 91' lang='lat' dir='ltr'><strong>conloquii</strong></span> <span class='ocrx_word' id='word_1_207' title='bbox 255 3298 364 3361; x_wconf 91' lang='lat' dir='ltr'><strong>parum</strong></span> <span class='ocrx_word' id='word_1_208' title='bbox 388 3275 540 3361; x_wconf 85' lang='lat' dir='ltr'><strong>quadrare</strong></span> <span class='ocrx_word' id='word_1_209' title='bbox 563 3275 693 3341; x_wconf 85' lang='lat' dir='ltr'><strong>Lachm.</strong></span> <span class='ocrx_word' id='word_1_210' title='bbox 714 3279 854 3362; x_wconf 86' lang='lat' dir='ltr'><strong>putavit,</strong></span> <span class='ocrx_word' id='word_1_211' title='bbox 877 3277 1010 3341; x_wconf 89' lang='lat' dir='ltr'><strong>coniecit</strong></span> <span class='ocrx_word' id='word_1_212' title='bbox 1037 3277 1097 3342; x_wconf 70' lang='lat' dir='ltr'><strong>aba</strong></span> <span class='ocrx_word' id='word_1_213' title='bbox 1119 3279 1243 3342; x_wconf 84' lang='lat' dir='ltr'><strong>damas.</strong></span> 
     </span>
     <span class='ocr_line' id='line_1_29' title="bbox 82 3377 1247 3469; baseline 0.004 -26"><span class='ocrx_word' id='word_1_214' title='bbox 82 3377 139 3444; x_wconf 84' lang='lat' dir='ltr'><strong>Sed</strong></span> <span class='ocrx_word' id='word_1_215' title='bbox 171 3380 249 3446; x_wconf 88' lang='lat' dir='ltr'><strong>haec</strong></span> <span class='ocrx_word' id='word_1_216' title='bbox 284 3382 344 3447; x_wconf 92' lang='lat' dir='ltr'><strong>viri</strong></span> <span class='ocrx_word' id='word_1_217' title='bbox 378 3382 463 3447; x_wconf 88' lang='lat' dir='ltr'><strong>docti</strong></span> <span class='ocrx_word' id='word_1_218' title='bbox 497 3385 679 3448; x_wconf 77' lang='lat' dir='ltr'><strong>‘coniectura</strong></span> <span class='ocrx_word' id='word_1_219' title='bbox 712 3382 789 3448; x_wconf 91' lang='lat' dir='ltr'><strong>nulli</strong></span> <span class='ocrx_word' id='word_1_220' title='bbox 824 3382 957 3469; x_wconf 88' lang='lat' dir='ltr'><strong>probata</strong></span> <span class='ocrx_word' id='word_1_221' title='bbox 986 3390 1051 3463; x_wconf 84' lang='lat' dir='ltr'><strong>est;</strong></span> <span class='ocrx_word' id='word_1_222' title='bbox 1081 3405 1183 3469; x_wconf 92' lang='lat' dir='ltr'><strong>neque</strong></span> <span class='ocrx_word' id='word_1_223' title='bbox 1213 3383 1247 3448; x_wconf 91' lang='lat' dir='ltr'><strong>id</strong></span> 
     </span>
     <span class='ocr_line' id='line_1_30' title="bbox 82 3487 1247 3576; baseline 0.005 -28"><span class='ocrx_word' id='word_1_224' title='bbox 82 3487 193 3552; x_wconf 88' lang='lat' dir='ltr'><strong>mirum.</strong></span> <span class='ocrx_word' id='word_1_225' title='bbox 245 3488 470 3575; x_wconf 84' lang='lat' dir='ltr'><strong>Praeterquam</strong></span> <span class='ocrx_word' id='word_1_226' title='bbox 501 3492 583 3555; x_wconf 93' lang='lat' dir='ltr'><strong>enim</strong></span> <span class='ocrx_word' id='word_1_227' title='bbox 613 3489 699 3576; x_wconf 93' lang='lat' dir='ltr'><strong>quod</strong></span> <span class='ocrx_word' id='word_1_228' title='bbox 728 3490 921 3556; x_wconf 88' lang='lat' dir='ltr'><strong>coniunctivi</strong></span> <span class='ocrx_word' id='word_1_229' title='bbox 952 3512 1046 3554; x_wconf 88' lang='lat' dir='ltr'><strong>causa</strong></span> <span class='ocrx_word' id='word_1_230' title='bbox 1076 3489 1131 3555; x_wconf 91' lang='lat' dir='ltr'><strong>vix</strong></span> <span class='ocrx_word' id='word_1_231' title='bbox 1154 3491 1247 3554; x_wconf 89' lang='lat' dir='ltr'><strong>intel-</strong></span> 
     </span>
     <span class='ocr_line' id='line_1_31' title="bbox 81 3577 1246 3685; baseline 0.007 -30"><span class='ocrx_word' id='word_1_232' title='bbox 81 3591 195 3678; x_wconf 84' lang='lat' dir='ltr'><strong>legitur,</strong></span> <span class='ocrx_word' id='word_1_233' title='bbox 210 3577 390 3661; x_wconf 85' lang='lat' dir='ltr'><strong>coniectura</strong></span> <span class='ocrx_word' id='word_1_234' title='bbox 405 3599 532 3661; x_wconf 91' lang='lat' dir='ltr'><strong>omnino</strong></span> <span class='ocrx_word' id='word_1_235' title='bbox 548 3619 610 3662; x_wconf 89' lang='lat' dir='ltr'><strong>non</strong></span> <span class='ocrx_word' id='word_1_236' title='bbox 627 3619 707 3684; x_wconf 85' lang='lat' dir='ltr'><strong>opus</strong></span> <span class='ocrx_word' id='word_1_237' title='bbox 723 3604 781 3678; x_wconf 85' lang='lat' dir='ltr'><strong>est,</strong></span> <span class='ocrx_word' id='word_1_238' title='bbox 797 3596 854 3661; x_wconf 84' lang='lat' dir='ltr'><strong>aed</strong></span> <span class='ocrx_word' id='word_1_239' title='bbox 870 3598 1081 3685; x_wconf 76' lang='lat' dir='ltr'><strong>aoadrqaa&#39;ara</strong></span> <span class='ocrx_word' id='word_1_240' title='bbox 1097 3598 1246 3663; x_wconf 72' lang='lat' dir='ltr'><strong>adeam</strong></span> 
     </span>
     <span class='ocr_line' id='line_1_32' title="bbox 82 3697 1248 3792; baseline 0.005 -29"><span class='ocrx_word' id='word_1_241' title='bbox 82 3697 158 3766; x_wconf 91' lang='lat' dir='ltr'><strong>idem</strong></span> <span class='ocrx_word' id='word_1_242' title='bbox 185 3709 235 3767; x_wconf 84' lang='lat' dir='ltr'><strong>est</strong></span> <span class='ocrx_word' id='word_1_243' title='bbox 263 3710 357 3788; x_wconf 86' lang='lat' dir='ltr'><strong>atque</strong></span> <span class='ocrx_word' id='word_1_244' title='bbox 388 3705 598 3788; x_wconf 81' lang='lat' dir='ltr'><strong>coaloqae&#39;am</strong></span> <span class='ocrx_word' id='word_1_245' title='bbox 628 3705 706 3789; x_wconf 76' lang='lat' dir='ltr'><strong>(teri</strong></span> <span class='ocrx_word' id='word_1_246' title='bbox 733 3704 898 3786; x_wconf 68' lang='lat' dir='ltr'><strong>videmiae,</strong></span> <span class='ocrx_word' id='word_1_247' title='bbox 932 3711 968 3768; x_wconf 91' lang='lat' dir='ltr'><strong>ut</strong></span> <span class='ocrx_word' id='word_1_248' title='bbox 997 3713 1082 3770; x_wconf 89' lang='lat' dir='ltr'><strong>reete</strong></span> <span class='ocrx_word' id='word_1_249' title='bbox 1110 3704 1248 3792; x_wconf 88' lang='lat' dir='ltr'><strong>explicat</strong></span> 
     </span>
     <span class='ocr_line' id='line_1_33' title="bbox 82 3803 1246 3902; baseline 0.006 -33"><span class='ocrx_word' id='word_1_250' title='bbox 82 3803 207 3890; x_wconf 89' lang='lat' dir='ltr'><strong>Mumo;</strong></span> <span class='ocrx_word' id='word_1_251' title='bbox 231 3831 327 3902; x_wconf 87' lang='lat' dir='ltr'><strong>quare</strong></span> <span class='ocrx_word' id='word_1_252' title='bbox 343 3832 406 3874; x_wconf 92' lang='lat' dir='ltr'><strong>non</strong></span> <span class='ocrx_word' id='word_1_253' title='bbox 423 3818 490 3875; x_wconf 89' lang='lat' dir='ltr'><strong>erat</strong></span> <span class='ocrx_word' id='word_1_254' title='bbox 505 3809 589 3897; x_wconf 93' lang='lat' dir='ltr'><strong>quod</strong></span> <span class='ocrx_word' id='word_1_255' title='bbox 609 3811 807 3876; x_wconf 88' lang='lat' dir='ltr'><strong>Purmannus</strong></span> <span class='ocrx_word' id='word_1_256' title='bbox 824 3811 980 3895; x_wconf 80' lang='lat' dir='ltr'><strong>(Quaestt.</strong></span> <span class='ocrx_word' id='word_1_257' title='bbox 996 3812 1098 3894; x_wconf 69' lang='lat' dir='ltr'><strong>Luca,</strong></span> <span class='ocrx_word' id='word_1_258' title='bbox 1113 3811 1246 3877; x_wconf 90' lang='lat' dir='ltr'><strong>Lauban</strong></span> 
     </span>
     <span class='ocr_line' id='line_1_34' title="bbox 85 3914 1111 4003; baseline 0.007 -27"><span class='ocrx_word' id='word_1_259' title='bbox 85 3914 161 3980; x_wconf 85' lang='lat'>1858</span> <span class='ocrx_word' id='word_1_260' title='bbox 183 3940 214 4003; x_wconf 89' lang='lat' dir='ltr'><strong>p.</strong></span> <span class='ocrx_word' id='word_1_261' title='bbox 238 3919 291 4002; x_wconf 88' lang='grc'><strong>14)</strong></span> <span class='ocrx_word' id='word_1_262' title='bbox 314 3939 442 3982; x_wconf 84' lang='lat' dir='ltr'><strong>versum</strong></span> <span class='ocrx_word' id='word_1_263' title='bbox 464 3916 592 3982; x_wconf 83' lang='lat' dir='ltr'><strong>deleret</strong></span> <span class='ocrx_word' id='word_1_264' title='bbox 1108 3989 1111 3992; x_wconf 64' lang='grc'><strong>,</strong></span> 
     </span>
    </p>

    <p class='ocr_par' dir='ltr' id='par_1_9' title="bbox 180 4023 1247 4112">
     <span class='ocr_line' id='line_1_35' title="bbox 180 4023 1247 4112; baseline 0.002 -24"><span class='ocrx_word' id='word_1_265' title='bbox 180 4028 207 4107; x_wconf 87' lang='lat' dir='ltr'><strong>o)</strong></span> <span class='ocrx_word' id='word_1_266' title='bbox 229 4023 406 4112; x_wconf 69' lang='lat' dir='ltr'><strong>imperfecti</strong></span> <span class='ocrx_word' id='word_1_267' title='bbox 439 4024 458 4089; x_wconf 88' lang='lat'>1</span> <span class='ocrx_word' id='word_1_268' title='bbox 487 4026 549 4090; x_wconf 81' lang='lat'><strong>167</strong></span> <span class='ocrx_word' id='word_1_269' title='bbox 583 4025 654 4111; x_wconf 73' lang='lat' dir='ltr'><strong>(aa</strong></span> <span class='ocrx_word' id='word_1_270' title='bbox 684 4047 754 4091; x_wconf 83' lang='lat' dir='ltr'><strong>aaa</strong></span> <span class='ocrx_word' id='word_1_271' title='bbox 786 4030 918 4110; x_wconf 79' lang='lat' dir='ltr'><strong>asseret),</strong></span> <span class='ocrx_word' id='word_1_272' title='bbox 951 4029 1015 4090; x_wconf 81' lang='lat'><strong>242</strong></span> <span class='ocrx_word' id='word_1_273' title='bbox 1048 4027 1118 4110; x_wconf 81' lang='lat' dir='ltr'><strong>(abi</strong></span> <span class='ocrx_word' id='word_1_274' title='bbox 1151 4028 1247 4091; x_wconf 76' lang='lat' dir='ltr'><strong>calla</strong></span> 
     </span>
    </p>
   </div>
   <div class='ocr_carea' id='block_1_3' title="bbox 83 4126 1247 4220">
    <p class='ocr_par' dir='ltr' id='par_1_10' title="bbox 83 4126 1247 4220">
     <span class='ocr_line' id='line_1_36' title="bbox 83 4126 1247 4220; baseline 0.005 -29"><span class='ocrx_word' id='word_1_275' title='bbox 83 4126 193 4216; x_wconf 73' lang='lat' dir='ltr'><strong>foreat)</strong></span> <span class='ocrx_word' id='word_1_276' title='bbox 200 4155 209 4213; x_wconf 82' lang='lat'>3</span> <span class='ocrx_word' id='word_1_277' title='bbox 230 4131 287 4200; x_wconf 88' lang='lat' dir='ltr'><strong>IV</strong></span> <span class='ocrx_word' id='word_1_278' title='bbox 309 4134 371 4197; x_wconf 82' lang='lat'><strong>922</strong></span> <span class='ocrx_word' id='word_1_279' title='bbox 400 4133 470 4216; x_wconf 75' lang='lat' dir='ltr'><strong>(aa</strong></span> <span class='ocrx_word' id='word_1_280' title='bbox 496 4134 592 4199; x_wconf 77' lang='lat' dir='ltr'><strong>calla</strong></span> <span class='ocrx_word' id='word_1_281' title='bbox 614 4154 697 4218; x_wconf 80' lang='lat' dir='ltr'><strong>pars</strong></span> <span class='ocrx_word' id='word_1_282' title='bbox 723 4139 917 4217; x_wconf 78' lang='lat' dir='ltr'><strong>remaneret)</strong></span> <span class='ocrx_word' id='word_1_283' title='bbox 924 4157 934 4214; x_wconf 81' lang='lat'>3</span> <span class='ocrx_word' id='word_1_284' title='bbox 960 4133 1010 4198; x_wconf 86' lang='lat' dir='ltr'><strong>his</strong></span> <span class='ocrx_word' id='word_1_285' title='bbox 1032 4133 1110 4198; x_wconf 87' lang='lat' dir='ltr'><strong>locis</strong></span> <span class='ocrx_word' id='word_1_286' title='bbox 1133 4156 1164 4220; x_wconf 94' lang='lat' dir='ltr'><strong>p.</strong></span> <span class='ocrx_word' id='word_1_287' title='bbox 1186 4133 1247 4198; x_wconf 78' lang='lat' dir='ltr'><strong>aa·</strong></span> 
     </span>
    </p>
   </div>
   <div class='ocr_carea' id='block_1_4' title="bbox 0 0 1500 4822">
    <p class='ocr_par' dir='ltr' id='par_1_11' title="bbox 0 0 1500 4822">
     <span class='ocr_line' id='line_1_37' title="bbox 0 0 1500 4822; baseline 0 0"><span class='ocrx_word' id='word_1_288' title='bbox 0 0 1500 4822; x_wconf 95' lang='lat' dir='ltr'><strong> </strong></span> 
     </span>
    </p>
   </div>
  </div>
 </body>
</html>
