2978 4822
571 275 694 352 ‘77

196 473 225 535 8.
258 469 481 556 Compluribus
512 470 590 534 locis
623 493 731 552 causa,
764 469 804 534 ad
836 493 929 555 quam
962 470 1096 535 refertur
1125 495 1156 558 p.
1179 493 1260 556 erpo,

87 585 199 663 postea
221 575 347 642 demum
371 576 516 659 additur,
539 579 608 664 ipsa
630 586 736 642 autem
758 601 789 664 p.
812 599 885 661 0090
907 578 1126 663 praemittitur.
1170 577 1262 642 Idem

86 685 123 748 fit
145 685 176 748 in
200 708 231 770 p.
253 685 358 769 c'pa'tar
380 683 420 749 cf.
443 708 473 771 p.
496 688 538 748 42
563 707 609 769 sq.

198 795 226 855 9.
249 791 286 856 Ρ.
310 792 491 856 conclusiva
514 813 549 856 eo
571 792 738 856 coniuncta
761 814 831 854 cum
855 815 885 876 p.
904 813 975 877 que,
999 814 1092 876 quam
1115 793 1263 856 coniunc-

86 900 204 962 tionem
228 907 301 963 ante
324 898 493 962 Horatium
516 899 651 963 inveniri
673 898 816 984 Draeger
838 906 933 983 negat
962 898 1012 963 bis
1035 896 1120 985 apud
1142 898 1260 964 Lucre-

86 1006 166 1068 tium
190 1005 345 1092 reperitur
366 1005 408 1070 cf.
431 1029 461 1092 p.
485 1008 537 1069 46.
1236 1091 1241 1098 .

197 1114 247 1177 10.
270 1112 306 1176 P.
322 1112 503 1177 conclusiva
521 1113 663 1196 proinde
686 1114 804 1199 septies
820 1134 891 1176 cum
907 1111 1078 1177 indicativo
1095 1114 1262 1177 coniuncta

86 1226 192 1283 exstat
214 1219 247 1282 in
270 1220 406 1283 carmine
429 1219 630 1284 Lucretiano.
675 1219 715 1284 cf.
738 1243 768 1306 p.
791 1221 844 1284 46.

199 1328 248 1391 11.
279 1325 331 1389 De
355 1349 414 1390 usu
438 1326 660 1413 particularum
684 1326 854 1391 causalium
878 1327 959 1410 qaia
981 1334 1014 1391 et
1037 1328 1263 1412 0106111110-

85 1432 185 1497 rabile
215 1441 264 1498 est
286 1433 468 1498 Lucretium
498 1442 623 1498 veneres
653 1435 823 1520 scriptores
853 1441 998 1498 secutum
1027 1433 1081 1496 illa
1109 1457 1139 1519 p.
1163 1434 1262 1496 multo

86 1540 214 1626 saepius
236 1563 328 1604 usum
352 1562 422 1604 esse
444 1563 538 1625 quam
560 1564 591 1627 p.
610 1543 697 1626 quod
718 1540 759 1604 cf.
781 1564 812 1626 p.
835 1543 877 1605 47
902 1539 973 1604 adn.
999 1543 1026 1605 1.

198 1650 248 1712 12.
271 1647 440 1712 Lucretius
463 1670 521 1734 pro
545 1648 667 1733 vulgari
690 1648 813 1713 accedit
836 1649 931 1732 qaod,
955 1670 1048 1732 quam
1071 1647 1262 1711 locutionem

87 1776 217 1840 prorsus
241 1754 369 1834 vitavit,
398 1762 453 1818 aut
483 1756 563 1819 adde
587 1757 674 1840 qaod
695 1762 750 1818 aut
772 1756 895 1819 cecedit
916 1761 956 1819 ut
976 1750 1073 1819 habet
1095 1754 1133 1819 cf.
1157 1778 1187 1840 p.
1212 1758 1262 1820 50.

198 1864 247 1926 13.
288 1862 352 1926 Ubi
374 1885 404 1947 p.
428 1884 498 1925 cum
526 1861 700 1926 indicativo
728 1861 860 1948 perfecti
889 1862 1064 1947 praesentis
1088 1864 1263 1942 coniuncta,

87 1970 177 2031 cuius
208 1990 284 2032 usus
314 1968 459 2054 exempla
489 1969 648 2060 rarissima
678 1976 765 2049 sunt,
796 1968 919 2032 circiter
948 1969 1154 2052 quinquagies
1178 1968 1264 2055 apud

87 2077 269 2139 Lucretium
293 2084 398 2140 exstat
421 2075 461 2140 of.
484 2099 515 2162 p.
540 2078 590 2141 56.

198 2186 249 2248 14.
282 2182 472 2248 Coniunctio
501 2176 646 2247 ’11110100
670 2183 826 2267 primam
856 2181 1026 2246 admodum
1055 2205 1125 2246 rara
1152 2191 1264 2267 quater

88 2289 175 2376 apud
197 2291 280 2354 hunc
302 2297 429 2376 poetam
451 2289 629 2375 legitur'of.
653 2313 682 2375 p.
708 2294 749 2354 59
772 2289 843 2354 adn.
859 2293 888 2354 2.
974 2372 976 2378 Ι

199 2401 249 2462 15.
277 2397 467 2462 0111110110
489 2397 712 2483 particularum
735 2397 1017 2484 comparativorum
1040 2398 1261 2480 delectarere,

89 2527 170 2589 quae
186 2505 359 2568 narcissima
375 2512 433 2583 est,
456 2505 566 2569 novies
590 2504 675 2591 apud
690 2504 872 2568 Lucretium
888 2505 1048 2569 invenitur
1062 2503 1104 2568 cf.
1121 2527 1151 2589 p.
1163 2505 1203 2567 66
1216 2527 1261 2589 sq.
