2978 4822
721 330 843 431 a

341 524 373 608 b)
404 525 640 589 coniunctivum
672 531 705 589 44
735 546 807 588 cum
839 523 944 589 verbis
976 521 1104 609 quidem
1136 522 1305 588 coniuncta
1336 546 1409 588 cum

234 631 390 700 indicatur
411 630 454 712 id,
477 629 563 718 quod
586 629 779 712 comediam
802 653 872 696 esse
893 631 948 696 ,vel
966 631 1037 696 ¹{ieri
1059 652 1190 717 posse,
1216 629 1265 694 his
1288 630 1367 694 locis
1390 630 1410 694 I

237 741 300 818 346
328 739 495 824 (quamvis
513 743 620 824 putea
622 743 701 821 4,444)
723 740 795 803 376
827 741 991 822 (quemme
1019 739 1118 822 34444)
1078 740 1211 803 4337
1244 738 1411 822 (quamvis

235 841 410 946 4444144444)
370 848 505 910 4398
529 845 693 951 (quamvis
715 846 877 930 44444443),
908 847 971 910 620
996 845 1160 930 (quamvis
1182 845 1252 928 344),
1215 843 1318 909 4Π
1344 847 1409 908 177

235 937 399 1037 (quamvis
421 939 592 1038 iquorem),
613 954 678 1032 644
694 953 858 1037 (quamvis
878 953 976 1038 seran
978 956 1058 1036 4444);
1080 951 1137 1016 ΠΙ
1157 954 1218 1018 307
1243 953 1412 1037 (quamvis

235 1060 442 1146 4443444444),
462 1062 525 1125 372
550 1057 714 1144 (quamam
736 1064 851 1144 444944.)

343 1183 400 1249 Sin
422 1192 528 1249 autem
543 1207 614 1248 cum
630 1182 796 1250 adiectivis
813 1184 866 1249 vel
880 1183 1039 1250 adverbiis
1054 1184 1262 1269 coniungitur,
1284 1190 1414 1270 praeter

235 1293 396 1356 notionem
419 1293 636 1356 concessivam
659 1293 754 1356 etiam
778 1313 845 1356 eam
861 1293 928 1357 vim
943 1291 1040 1357 habet
1062 1299 1098 1355 44
1115 1289 1234 1355 indicet
1247 1293 1414 1356 notionem

236 1397 383 1467 adiectivi
407 1399 459 1464 vel
482 1397 625 1464 adverbii
649 1421 771 1464 summo
789 1397 890 1490 gradu
904 1401 1040 1487 positam
1064 1396 1307 1484 intellegendam
1329 1421 1413 1463 esse.

235 1505 254 1569 I
282 1509 348 1570 434
381 1507 546 1591 (quamvis
578 1507 656 1571 44443
688 1507 914 1593 amicumque„
946 1505 984 1570 H
1014 1508 1079 1571 604
1112 1506 1278 1591 (quamvis
1309 1506 1414 1589 effera

232 1615 368 1698 prolcs);
390 1610 447 1676 ΙΠ
472 1616 535 1678 733
561 1614 727 1703 (quamvis
750 1615 842 1697 utile)
850 1638 859 1694 ;
881 1612 938 1691 IV
961 1615 1002 1680 47
1028 1640 1068 1674 .-.
1092 1613 1129 1682 V
1152 1615 1217 1678 879
1246 1613 1413 1698 (quamvis

236 1720 340 1808 4444444
362 1721 474 1803 corde),
499 1723 563 1788 153
587 1721 750 1804 (4444444443
773 1721 907 1804 3444444);
931 1719 986 1790 VI
1010 1722 1073 1785 601
1097 1719 1181 1785 aiibi.
1219 1713 1220 1718 ’

542 2039 548 2044 ’
617 2026 646 2088 2.
680 2021 785 2110 Dep.
809 2037 1025 2115 quamquam.
1092 2031 1093 2034 ’

343 2184 380 2248 Ρ.
392 2206 607 2269 quamquam,
621 2205 701 2270 quae
710 2183 881 2284 quinquies
896 2191 964 2272 tant
950 2192 1017 2249 tum
1028 2186 1061 2248 in
1073 2183 1209 2249 carmine
1219 2183 1412 2248 Lucretiano

237 2298 350 2373 exstat,
372 2298 447 2377 post
469 2313 503 2356 se
525 2290 629 2356 habet.

344 2420 372 2501 a)
391 2414 601 2480 indicativum
624 2437 664 2480 ex
687 2418 845 2480 communi
869 2438 927 2481 usu
952 2418 1140 2504 scriptorum
1161 2416 1180 2480 Ι
1201 2418 1263 2481 736
1283 2418 1413 2500 (quam-

237 2545 340 2608 quam
362 2523 502 2604 44444444),·
527 2521 583 2591 VI
606 2525 645 2588 81
672 2505 887 2608 (4444444444
902 2530 984 2588 344444
994 2525 1164 2609 profecta),
1190 2526 1253 2588 938
1277 2529 1410 2607 (quam-

238 2652 340 2715 quam
358 2631 524 2716 pertinet).

344 2755 375 2839 b)
399 2755 634 2820 coniunctivum
652 2747 769 2821 11204
784 2759 1179 2840 (quamqucmpuyncnt),
1197 2756 1260 2819 277
1276 2755 1411 2838 (4444444-

237 2884 339 2948 quam
357 2864 479 2948 pellat).
524 2862 587 2927 His
611 2861 735 2928 duobus
758 2863 836 2928 locis
860 2861 1054 2940 coniunctivi
1071 2863 1132 2927 orti
1148 2869 1223 2926 sunt
1241 2882 1280 2925 ex
1299 2860 1413 2926 vicinis

237 2969 410 3034 infinitivis.

622 3273 625 3282 2
666 3239 726 3301 ¹.3.-
749 3234 802 3301 De
820 3258 856 3322 p.
879 3236 950 3301 4434.

248 3493 250 3496 Ι
343 3398 380 3463 P.
404 3399 477 3480 4434,
506 3419 586 3486 quae
614 3395 699 3483 apud
725 3403 836 3483 poetas
864 3365 1024 3460 rarissima
1047 3404 1105 3476 444,
1130 3396 1238 3460 inveni
1260 3371 1310 3461 his
1333 3395 1415 3460 locis

238 3505 292 3576 III
323 3508 407 3570 1016
444 3509 538 3590 (quae
572 3497 682 3569 4444444
714 3505 775 3568 4434
804 3504 927 3595 absunt
960 3554 966 3568 .
995 3555 1001 3568 .
1028 3509 1095 3568 44.
1123 3507 1162 3585 .),·
1193 3502 1230 3571 V
1255 3505 1341 3567 1154
1367 3525 1415 3588 sq.

238 3617 280 3693 (44
278 3613 310 3676 34
338 3611 548 3695 faciteam
578 3597 688 3676 divom
715 3633 888 3697 9444443..
917 3632 1070 3696 „perpe
1073 3616 1128 3676 4444
1153 3615 1263 3675 44444444
1284 3610 1321 3674 444
1342 3609 1417 3693 fore

239 3721 323 3784 clam
345 3719 498 3804 diffidere
520 3718 628 3803 444444)

346 3842 428 3908 Cum
457 3841 708 3931 breviloquentia
736 3841 870 3929 quadam
899 3865 1017 3929 usinpa
1017 3849 1085 3907 tum
1115 3848 1164 3906 444
1194 3842 1270 3923 4434,
1301 3839 1320 3904 Ι
1348 3843 1416 3906 120

239 3951 310 4036 (4434
328 3972 412 4036 qnae
415 3956 509 4018 44444
527 3956 638 4016 44444444
665 3971 731 4016 4334
754 3950 936 4016 Acherusia
964 3951 1084 4035 templa
1111 3948 1246 4012 Ennius
1271 3948 1418 4012 4444444443

239 4059 374 4143 4444444444
402 4057 549 4123 4443474443
579 4059 675 4122 edens
700 4108 707 4122 .
735 4108 742 4123 .
771 4108 777 4122 .
831 4057 1082 4143 Interpretamur
1110 4054 1189 4120 illud
1219 4055 1280 4121 4434
1303 4060 1418 4120 tamen·

236 4165 427 4250 9444444444
447 4165 532 4230 aber.
567 4163 720 4230 Similiter
742 4185 793 4230 res
817 4186 852 4230 se
875 4163 971 4229 habet
992 4162 1012 4228 I
1035 4165 1110 4234 487.
