2978 4822
652 335 692 400 51

194 535 222 612 a)
245 531 343 596 verba
365 531 601 618 impersonalia:

87 657 150 720 liae
183 657 305 722 aceedit
334 662 374 720 ut
403 656 423 720 I
456 659 535 738 192,
559 660 640 739 215,
674 659 755 737 565;
786 655 824 720 H
849 659 929 738 398,
958 659 1060 736 1077;
1091 656 1148 720 HI
1177 660 1262 738 4593

86 762 141 831 VI
167 766 240 828 959.
291 762 427 828 Duobus
456 764 533 828 locis
564 765 596 828 in
627 762 718 828 codd.
742 772 817 850 post
838 764 1030 830 locutionem
1053 767 1117 829 leuc
1139 765 1262 829 accedit

86 893 115 955 p.
146 875 188 933 ut
216 868 315 934 deest
366 869 476 935 Priore
506 872 601 956 igitur
630 871 714 952 loc0,
736 870 755 934 I
780 874 853 953 753,
875 870 967 936 codd.
990 870 1069 936 haec
1090 871 1258 957 praebent:

217 995 281 1059 duo
303 996 422 1060 cecidit
442 996 531 1070 item,
556 996 716 1081 quoniam
735 996 925 1082 primordio
943 997 1061 1061 'rerum

218 1102 331 1166 mollio
354 1103 569 1184 emarcum,
595 1125 678 1188 quoe
700 1124 761 1168 nos
784 1104 901 1168 5511511
923 1105 1073 1169 uidemus

217 1230 283 1273 esse
306 1215 337 1274 el
357 1210 492 1274 mortali
514 1231 590 1274 cum
613 1230 754 1295 corpore,
778 1210 935 1293 funditas
957 1211 1056 1296 utqui

217 1316 392 1381 1155511511
413 1317 525 1382 nilum
547 1317 618 1382 iam
639 1339 753 1382 rerum
775 1339 910 1382 31151515
931 1318 1051 1383 reverti
1076 1370 1082 1383 .
1112 1370 1118 1383 .

195 1440 363 1506 Corrector
395 1441 536 1526 Oblongi
572 1443 692 1507 cecidit
727 1442 759 1507 in
796 1443 918 1508 cecedit
954 1444 1099 1507 conexit
1131 1443 1263 1508 Lachm.

87 1547 202 1613 deinde
233 1571 290 1634 pro
319 1549 399 1614 item
428 1549 564 1613 coniecit
592 1550 663 1614 utel
685 1557 718 1614 et
740 1549 771 1614 in
796 1570 826 1616 v.
851 1553 913 1614 755
942 1571 1047 1635 reaque
1069 1572 1126 1638 pro
1149 1551 1258 1635 utqui.

86 1655 282 1720 lachmanni
312 1655 501 1720 mutationes
530 1656 674 1742 plurimis
704 1657 782 1722 viris
812 1655 915 1722 doctis
945 1657 1096 1744 probatae
1126 1665 1200 1721 sunt
1227 1664 1263 1720 ut

87 1762 257 1849 Spengelio
270 1767 294 1845 1)
316 1762 419 1827 Pollio
432 1768 465 1847 2),
494 1763 684 1849 Bernaysio,
714 1763 775 1828 nisi
804 1763 890 1849 quod
919 1764 971 1828 hic
998 1764 1047 1830 vir
1070 1763 1181 1828 doctus
1205 1786 1262 1852 pro

86 1871 158 1934 utel
179 1869 257 1954 legit
278 1871 340 1934 uti.
384 1870 502 1934 Munro
526 1869 662 1956 denique
685 1871 872 1958 etBrieger
894 1871 1048 1936 scribunt:

248 1995 312 2060 liae
330 1995 452 2060 accedit
472 1995 561 2078 item,
586 1995 746 2081 quoniam
784 2045 1103 2062 .......

250 2259 791 2275 ...........
827 2211 985 2295 funditus
1004 2212 1105 2296 alqui

249 2318 361 2382 debeat
381 2339 448 2405 sqq.

196 2441 354 2528 Equidem
383 2451 461 2529 puto
483 2451 558 2530 post
581 2466 691 2510 vocem
713 2445 794 2508 item
817 2465 921 2509 errore
944 2443 1081 2530 quodam
1106 2442 1262 2508 excidisse

88 2572 118 2635 p.
142 2555 189 2614 ert.
235 2549 416 2616 Observavi
444 2552 526 2615 enim
555 2551 632 2618 satis
662 2551 769 2616 multis
799 2551 877 2617 locis
907 2551 1053 2624 carminis
1081 2550 1265 2616 Lucretiani

88 2655 121 2719 in
152 2655 244 2721 codd.
273 2663 314 2721 at
341 2657 526 2744 particulam
555 2657 666 2723 deesse
697 2679 733 2722 ac
755 2660 941 2744 praesertim
968 2664 1042 2744 post
1064 2658 1201 2723 litteram
1224 2682 1265 2722 m.

89 2761 144 2826 Sic
166 2762 285 2828 excidit
306 2787 337 2850 p.
361 2770 402 2828 ut
423 2764 456 2828 in
479 2771 612 2850 utroque
635 2765 755 2846 codice,
778 2764 927 2851 Oblongo
951 2772 984 2829 et
1006 2764 1186 2845 Quadrato,
1210 2764 1266 2827 ΙΠ

90 2873 153 2934 347
178 2878 253 2957 post
275 2871 453 2936 discidium
460 2898 473 2951 ;
497 2872 553 2940 IV
569 2873 633 2938 416
658 2880 732 2958 post
752 2874 898 2952 05511115,-
923 2871 978 2941 VI
996 2873 1266 2958 1165551515-

88 2978 180 3059 dum,
203 2980 265 3044 231
290 2986 366 3064 post
386 2980 467 3044 item
475 3005 486 3056 ,·
511 2979 656 3044 similiter
677 2978 733 3047 IV
750 2983 813 3046 301
838 2986 899 3045 aut
921 2978 1041 3044 excidit
1054 2988 1129 3065 post
1144 2979 1262 3057 511551,

87 3092 251 3170 praeterea
278 3084 369 3150 deest
396 3093 436 3151 at
461 3086 498 3151 Π
528 3090 613 3152 1059
622 3112 631 3168 ;
652 3086 709 3150 HI
733 3091 807 3168 254,
831 3091 905 3153 458.
952 3086 1084 3152 Poterat
1106 3094 1210 3151 autem
1234 3110 1265 3172 p.

87 3197 130 3255 ut
155 3198 229 3278 post
257 3215 292 3258 m
319 3192 466 3259 facillime
497 3194 641 3259 excidere
672 3194 758 3281 quod
784 3195 908 3260 litterae
931 3217 966 3259 m
990 3202 1022 3259 et
1043 3201 1084 3280 μῖ
1107 3192 1265 3258 simillima

87 3297 192 3363 forma
215 3308 299 3365 sunt.
345 3299 398 3365 Sic
421 3301 517 3387 igitur
538 3303 570 3365 in
593 3301 613 3364 I
638 3304 700 3366 753
719 3324 850 3388 ‚quoque
878 3309 952 3388 post
978 3302 1058 3366 ilem
1081 3300 1266 3387 particulam

9 3387 12 3404 ’
87 3411 130 3470 ut
153 3406 308 3472 excidisse
331 3407 445 3473 iudico.
491 3408 651 3486 Quoniam
674 3417 779 3473 autem
801 3432 832 3495 p.
855 3414 895 3473 ut
916 3408 1041 3488 deerat,
1063 3408 1209 3472 librarius
1232 3409 1265 3470 in

87 3535 119 3578 v.
147 3515 209 3579 755
240 3537 352 3580 vocem
381 3537 485 3604 acque
514 3516 547 3584 in
577 3522 679 3601 atque
701 3516 853 3597 mutavit,
876 3514 960 3580 unde
982 3523 1094 3602 postea
1122 3522 1266 3578 exortum

87 3628 141 3686 est
169 3620 248 3686 illud
277 3624 379 3708 utqui
407 3622 518 3688 eodem
548 3623 643 3689 modo
673 3632 768 3710 atque
797 3624 830 3688 in
853 3623 909 3691 VI
933 3625 1029 3690 1095.
1079 3621 1267 3708 Legendum

87 3736 142 3794 est
164 3730 276 3816 igitur:

200 4000 220 4067 1)
239 3998 386 4054 Gelehrter
413 3999 549 4070 Anzeiger
576 3998 625 4054 der
651 3998 755 4070 konigl.
783 3999 861 4069 bayr.
890 3997 1043 4053 Akadcmie
1070 3997 1120 4052 der
1147 3997 1268 4053 Wissen-

87 4087 218 4142 sebasten
240 4090 307 4144 1851
328 4107 355 4159 p.
375 4090 435 4144 788.

201 4197 222 4266 ²)
240 4197 284 4252 De
302 4202 354 4252 art.
373 4215 448 4254 voco.
467 4198 596 4270 quibusd.
615 4198 708 4267 Luca,
727 4197 852 4253 Dresdae
873 4199 941 4256 1866
961 4215 987 4268 p.
1008 4198 1042 4252 20
1060 4213 1100 4265 sq.
1120 4192 1183 4248 adn.

1054 4304 1091 4358 4*
