2978 4822
599 314 642 378 29

38 506 187 573 Similiter
201 506 342 572 iudicant
364 506 404 572 de
427 506 573 573 hocloco
589 507 799 590 Vahlenus1),
823 507 1130 594 Stuerenburgiusll,
1153 509 1206 593 qui

38 614 118 678 hunc
141 616 367 680 sententiarum
390 613 532 680 ordinem
555 615 681 680 statuit:
727 616 790 698 ,lla
813 637 859 698 eo,
890 618 980 680 almo
1011 617 1128 698 Vacca,
1152 616 1208 680 act

38 723 126 786 cerati
154 727 185 786 et
212 723 330 787 nubila
359 724 487 805 cedunt,
519 728 556 787 tu
585 745 632 805 es,
663 744 765 808 quam
796 727 883 787 terra
911 725 1038 787 salutat
1067 728 1208 808 tempore

37 851 144 894 omno.
192 830 282 894 Nom
303 830 408 894 umal
436 834 533 914 atque
560 830 646 894 certo
668 817 790 916 spectes
808 829 978 916 patefacta
1007 834 1067 912 est,
1099 834 1136 894 tc
1165 851 1207 912 es,

37 939 133 1000 ouius
163 937 290 1002 tultum
324 937 438 1002 omnia
471 937 636 1002 animatio
667 937 881 1021 sayclfiocnt‘,
917 935 957 1002 G.
989 935 1018 1001 F
1053 935 1166 1021 Unger
1175 941 1208 1020 ³).

37 1043 154 1129 Aliquo
177 1043 313 1130 denique
340 1043 435 1109 modo
466 1044 622 1109 sententia
651 1065 735 1124 mea,
765 1066 827 1129 qua
856 1067 887 1129 p.
909 1065 991 1108 cam
1021 1042 1208 1109 servandam

37 1173 105 1215 esse
136 1172 263 1228 censeo,
293 1152 493 1216 confirmatur
522 1151 594 1216 libri
624 1150 709 1216 tertii
740 1151 831 1215 initio
861 1150 1006 1216 similiter
1028 1158 1208 1237 comparate

36 1258 75 1322 cf.
98 1257 157 1321 HI
181 1261 200 1323 9
223 1280 291 1345 sqq.

143 1364 301 1431 Christius
333 1365 448 1431 deinde
485 1365 642 1450 (Quaestt.
674 1366 767 1431 Lucr.
799 1389 830 1452 p.
864 1369 905 1430 13
938 1370 995 1451 sq.)
1028 1365 1095 1429 sine
1127 1365 1211 1430 iusta

35 1495 131 1538 causa
160 1472 283 1539 duobus
313 1473 391 1538 locis
420 1473 453 1537 in
476 1497 507 1560 p.
533 1496 615 1539 acm
638 1472 780 1539 offendit
825 1473 924 1537 Putat
945 1474 1029 1536 enim
1051 1471 1069 1534 Ι
1090 1474 1153 1536 556
1177 1480 1210 1536 et

35 1580 89 1644 ΙΠ
118 1582 181 1646 886
216 1603 298 1646 acm
332 1603 402 1646 esse
435 1580 621 1667 particulam
650 1580 854 1646 transitionis.
913 1578 1073 1659 Quoniam
1104 1586 1209 1644 autem

35 1688 108 1752 talis
140 1688 312 1774 particulae
347 1710 429 1754 raam
465 1711 542 1754 usus
578 1711 597 1754 a
628 1710 773 1753 sermone
810 1688 1000 1752 Lucretiano
1034 1685 1210 1763 abhorreat,

35 1805 170 1881 utroque
198 1795 268 1860 loco
297 1818 355 1882 pro
384 1817 467 1861 acm
496 1794 695 1861 scribendum
726 1817 796 1861 esse
825 1796 906 1860 tum.
961 1795 1008 1858 At
1037 1793 1077 1859 de
1104 1794 1210 1880 priore

35 1902 106 1966 loco
130 1902 288 1967 Christius
311 1902 404 1968 valde
428 1912 511 1968 errat
533 1902 618 1989 quod
641 1909 734 1989 putat
755 1926 777 1988 p
799 1924 882 1967 nam
904 1901 996 1966 aliam
1012 1909 1211 1986 argumenta-

36 2011 154 2074 tionem
184 2010 300 2076 inferri.
353 2009 428 2075 Sine
459 2010 556 2075 dubio
586 2010 670 2076 enim
699 2009 760 2075 hoe
786 2010 856 2074 loco
879 2033 908 2095 p
932 2031 1014 2074 com
1037 2008 1212 2095 explicatur

35 2139 142 2181 veram
175 2139 246 2182 esse
279 2118 482 2198 sententiam,
514 2140 576 2203 qua
608 2124 699 2182 antea
731 2124 826 2203 poeta
857 2114 981 2180 dixerat
1014 2117 1075 2181 nisi
1107 2117 1211 2201 aliqua

35 2246 170 2311 corpora
185 2224 375 2290 solidissima
390 2233 506 2306 essent,
521 2247 601 2311 quae
617 2225 702 2290 nulla
717 2223 750 2290 vi
765 2223 867 2308 frangi
882 2231 1022 2309 possent,
1041 2222 1211 2310 primordia

36 2332 99 2396 iarn
131 2332 177 2397 ita
208 2331 248 2397 ad
280 2332 412 2399 nihilum
443 2332 571 2398 redacta
600 2354 670 2397 esse
701 2340 736 2396 ut
765 2331 843 2395 nihil
873 2353 913 2395 ex
942 2330 1004 2394 illis
1035 2337 1138 2394 ortum
1170 2329 1211 2394 ad

35 2440 152 2504 iustam
183 2439 410 2526 perlectionem
439 2442 606 2527 pervenire
630 2437 753 2526 'posset
812 2438 886 2502 Hoc
918 2460 1026 2504 verum
1056 2459 1127 2503 esse
1157 2459 1212 2502 ex·

33 2548 191 2634 perientia
221 2555 254 2612 et
283 2549 367 2614 vitae
396 2570 454 2613 usu
477 2546 689 2634 comprobari3
712 2569 784 2611 nam
806 2545 923 2611 cotidie
946 2543 1056 2610 videre
1079 2566 1137 2608 nos
1160 2566 1211 2608 res

34 2655 130 2718 citius
160 2653 293 2721 dissolvi
322 2678 416 2740 quam
445 2655 539 2720 retici.
583 2654 657 2719 Jam
686 2661 723 2718 ut
751 2653 792 2717 ad
822 2653 954 2717 alterum
983 2652 1086 2715 locum
1110 2659 1213 2715 trans·

35 2784 156 2842 eamus,
178 2784 241 2847 quo
264 2762 334 2827 loco
357 2760 598 2827 Bockemueller
619 2782 745 2848 quoque
767 2783 798 2846 p.
821 2780 902 2824 acm
925 2759 957 2822 in
980 2759 1051 2823 c'am
1069 2759 1213 2836 mutavit,

34 2894 65 2955 p.
88 2891 173 2934 oum
195 2868 361 2934 referenda
384 2877 434 2935 est
460 2868 501 2934 ad
525 2869 621 2935 verba
645 2868 784 2933 lacerari
806 2867 900 2930 ortae
927 2869 968 2950 (v.
992 2869 1076 2950 885).
1115 2866 1213 2933 Vitu-

34 2985 127 3063 perat
158 2979 242 3040 enim
271 2985 366 3063 poeta
388 2999 443 3042 eos
466 2977 520 3063 qui
548 2984 666 3042 sortem
689 2998 779 3040 suam
801 2973 967 3061 deplorent
990 2995 1097 3038 seeum
1119 2995 1213 3059 repu-

33 3093 142 3148 tantes
171 3084 238 3148 fieri
268 3106 363 3170 posse
393 3093 429 3148 ut
457 3107 477 3149 a
505 3082 582 3148 feris
612 3083 802 3163 lacerentur,
829 3083 919 3167 quasi
942 3103 962 3145 a
983 3080 1061 3145 feris
1083 3078 1212 3144 lacerari

33 3191 182 3256 acerbius
205 3193 248 3255 sit
270 3213 363 3277 quam
385 3192 418 3256 in
441 3213 518 3278 rogo
542 3190 693 3256 comburi.
731 3188 820 3254 Nihil
843 3189 942 3254 enim
965 3187 1092 3252 diii'erre
1108 3195 1212 3252 utrum

34 3298 152 3385 aliquis
175 3320 282 3363 morsu
304 3298 443 3363 ferarum
466 3299 600 3363 intereat
622 3321 660 3362 an
685 3297 750 3382 igni
773 3298 841 3381 rogi
864 3303 1076 3360 consumatur.

140 3404 179 3488 b)
201 3404 349 3470 Narratio
372 3406 611 3493 interrumpitur
633 3414 666 3470 et
687 3403 895 3490 parenthesis,
917 3424 997 3488 quae
1020 3409 1159 3476 vocatur,
1182 3424 1213 3487 p.

34 3535 119 3578 nam
152 3511 311 3578 inducitur
341 3515 451 3600 paucis
483 3513 560 3578 locis
588 3513 677 3578 velut
707 3511 763 3580 IV
787 3514 846 3590 59;
878 3509 914 3576 V
940 3513 1035 3575 1353.
1089 3507 1214 3572 Eodem

35 3620 135 3684 modo
158 3620 299 3685 nonnulli
323 3621 382 3687 viri
406 3619 491 3685 docti
514 3644 545 3707 p.
568 3642 649 3685 com
672 3620 705 3683 in
727 3617 784 3681 HI
806 3621 872 3682 428
896 3616 1052 3703 explicare
1076 3614 1213 3680 student

34 3727 199 3815 Equidem
228 3750 304 3795 vero
334 3750 405 3792 cum
434 3727 638 3792 Lachmanno
668 3727 722 3792 illo
751 3726 822 3790 loco
851 3725 922 3790 tom
951 3723 1120 3809 legendum
1142 3744 1213 3788 esse

149 3909 170 3977 ¹)
188 3905 426 3962 Monatsberichte
444 3906 494 3961 der
512 3906 637 3960 Berliner
651 3904 805 3959 Alrademie
823 3903 873 3958 der
887 3902 1123 3960 Wissensohalten
1145 3903 1212 3956 1877

34 4018 63 4071 p.
86 3999 261 4155 482⁷lqitcta
279 4086 418 4142 societatis
437 4085 532 4156 philol.
552 4085 636 4156 Lips,
655 4089 720 4138 torn.
740 4083 772 4137 II
791 4084 857 4138 fasc.
879 4081 909 4136 II
929 4099 956 4152 p.
976 4084 1035 4136 375.

150 4177 170 4246 ³)
189 4175 340 4247 Fn'ihlings
359 4176 474 4246 Anfang
492 4175 521 4228 in
540 4175 712 4229 Fleckeiseni
730 4173 832 4228 Annal.
853 4173 901 4225 141
923 4189 949 4242 p.
968 4172 1029 4226 493.
