2978 4822
829 318 870 384 66

263 518 351 602 quod
370 537 474 600 peuua
497 523 530 580 et
551 515 599 580 su'e
621 523 657 580 ut
680 537 730 596 ea,
759 537 839 602 quae
863 516 969 582 verbis
1000 517 1088 601 quod
1113 537 1218 599 qeuus
1248 515 1426 582 inducantur

262 646 325 688 non
349 623 451 687 minus
476 621 516 687 ad
540 644 589 704 ea,
617 645 697 708 quae
720 622 922 705 antecedant,
949 622 1115 689 referenda
1142 645 1212 688 esse
1236 622 1320 689 dicat
1342 647 1425 710 quam

262 730 303 795 ad
331 753 369 795 ea
397 752 477 816 quae
508 737 686 816 aequantur.
731 729 844 816 Neque
873 730 976 796 facere
1006 751 1135 816 possum
1165 730 1241 816 quin
1264 731 1297 795 in
1321 730 1378 795 hac
1398 753 1425 795 re

261 838 413 922 Briegero
442 834 619 902 adsentiar.
655 836 738 902 Nam
767 859 802 901 re
832 859 908 903 vera
937 837 1081 902 omnibus
1111 836 1174 902 illis
1203 837 1283 902 locis
1312 859 1362 902 res
1389 839 1426 901 ita

262 951 442 1031 comparata
473 951 523 1009 eet
553 951 590 1007 ut
620 943 667 1026 id,
698 943 784 1029 quod
811 951 905 1009 antea
932 944 1071 1031 positum
1099 952 1161 1026 est,
1193 946 1426 1031 comparatione,

262 1075 342 1138 quae
365 1075 384 1116 a
406 1052 512 1117 verbis
537 1053 624 1136 quod
644 1073 749 1135 qeuua
771 1051 891 1138 incipit,
914 1051 1088 1117 illustretur
1110 1059 1143 1116 et
1164 1052 1338 1138 probetne·
1370 1049 1426 1116 Sed

263 1169 368 1224 tamen
390 1159 424 1223 id
446 1158 574 1224 minime
597 1157 728 1223 dubium
751 1180 823 1224 esse
844 1181 939 1245 posse
969 1159 1103 1224 arbitror
1129 1161 1206 1244 quin
1234 1167 1307 1223 ante
1335 1181 1366 1245 p.
1386 1159 1427 1222 su

261 1267 364 1332 lenius
388 1269 430 1331 sit
451 1264 745 1353 interpungendum.

645 1448 674 1510 2.
706 1444 758 1512 De
781 1443 934 1531 particula
956 1445 1052 1510 aaut.

368 1587 544 1654 Particulae
570 1587 658 1653 su'out
678 1603 779 1673 pauca
801 1594 924 1653 tantum
947 1586 1091 1673 exempla
1114 1594 1240 1653 exstant
1262 1586 1348 1674 apud
1368 1586 1427 1651 Lu·

262 1697 393 1762 cretium
422 1717 524 1780 neque
553 1716 686 1779 usquam
716 1696 745 1758 ei
775 1693 946 1780 particulae
976 1695 1039 1778 itu,
1070 1695 1118 1760 su'c
1145 1694 1206 1759 alia
1233 1694 1426 1781 respondent

261 1804 393 1888 Legitur
424 1808 529 1866 autem
560 1802 648 1866 siout
678 1800 716 1865 H
748 1802 827 1882 5363
859 1800 915 1866 IH
949 1804 1014 1866 810
1039 1829 1082 1861 z
1106 1801 1142 1870 V
1164 1804 1243 1883 3573
1280 1801 1338 1866 ΙΙΙ
1369 1803 1426 1866 814

262 1941 304 1971 z
320 1911 356 1980 V
374 1912 447 1976 361.
469 1909 506 1978 V
523 1912 596 1974 128.

367 2016 584 2082 Memorabilis
615 2023 664 2082 est
686 2015 773 2081 locus
796 2015 834 2080 H
857 2018 920 2082 847
946 2038 1026 2102 sqq,
1058 2015 1113 2081 ubi
1139 2015 1173 2080 in
1200 2015 1426 2102 comparatione

260 2126 320 2191 sibi
343 2123 537 2213 respondent
550 2124 647 2189 siout
667 2129 708 2207 (v.
728 2126 804 2208 847)
828 2131 862 2188 et
881 2129 1018 2209 propter
1041 2125 1176 2189 caudam
1198 2144 1269 2188 rem
1291 2126 1333 2206 (v.
1349 2125 1426 2202 854).

260 2234 360 2299 Poeta
389 2255 461 2297 eum
489 2231 755 2317 comparationem
783 2229 893 2295 eodem
917 2229 1026 2311 modo,
1056 2252 1120 2316 quo
1142 2237 1304 2316 coeperat,
1334 2249 1426 2314 usque
1476 2295 1477 2300 ,

260 2340 301 2406 ad
331 2341 424 2405 finem
453 2338 626 2426 perducere
656 2359 718 2402 non
749 2345 872 2424 posset,
901 2338 1134 2402 constructione
1157 2339 1261 2424 priore
1284 2336 1426 2402 reliotaa

261 2447 366 2515 verbis
386 2451 523 2531 propter
546 2446 682 2510 euudcru
704 2467 775 2510 reru
797 2444 859 2510 alic
882 2443 978 2510 modo
1001 2446 1113 2532 pergit.

644 2628 673 2689 3.
705 2623 758 2688 De
780 2622 934 2710 particula
955 2625 1051 2689 uelut.

366 2772 395 2852 a)
424 2766 584 2832 Particula
613 2768 702 2832 uelut
729 2766 774 2831 ita
803 2774 953 2852 usuupata
985 2774 1021 2831 ut
1053 2787 1128 2831 usus
1161 2765 1307 2832 vocabuli
1337 2764 1426 2829 nimis

259 2875 430 2941 insolenter
458 2881 513 2938 aut
544 2873 693 2939 audacter
726 2872 859 2938 adhibiti
894 2873 984 2960 quasi
1019 2881 1199 2955 excusetur,
1233 2873 1359 2960 ponitur
1388 2869 1426 2935 ad

258 2982 465 3062 substantiva,
488 2979 654 3061 adiectiva,
677 2980 843 3067 participia
866 2981 885 3044 Ι
907 2984 970 3047 291
996 2981 1099 3046 ueluti
1113 2981 1263 3046 ualidum
1285 2980 1424 3064 flumem·

258 3087 296 3152 H
321 3091 384 3153 118
407 3089 496 3152 uelut
518 3093 648 3152 oeteruo
671 3088 865 3170 certamem,-
890 3089 953 3154 682
977 3090 1067 3154 uelut
1087 3089 1127 3153 c'u
1149 3109 1263 3169 cuueu,·
1288 3085 1343 3156 VI
1366 3087 1426 3150 504
1475 3119 1476 3160 3

258 3195 361 3260 ueluti
379 3194 559 3281 peudeutr'u
582 3195 700 3259 uellera
723 3195 828 3260 lauac.

365 3301 396 3387 b)
428 3302 521 3367 Velut
549 3303 595 3366 ita
625 3309 810 3388 usurpatum
839 3310 876 3368 ut
902 3301 987 3370 idem
1015 3302 1058 3368 sit
1084 3309 1179 3390 atque
1206 3302 1325 3368 uelutsc'
1346 3297 1425 3387 apud

258 3410 440 3475 Lucretium
463 3409 566 3475 frusta
588 3431 729 3495 quaeres.

364 3522 391 3602 c)
422 3516 524 3603 Saepe
555 3516 606 3582 hic
636 3523 732 3603 poeta
760 3541 791 3604 p.
814 3517 903 3583 velut
932 3539 1017 3583 mere
1047 3517 1262 3604 comparativa
1288 3518 1333 3581 ita
1354 3534 1424 3579 usus

257 3631 364 3688 estut
387 3624 415 3688 ei
439 3623 668 3710 respondentes
691 3622 811 3692 faceret
833 3624 1004 3711 particulas
1026 3625 1076 3690 r'tc
1098 3630 1132 3690 et
1152 3625 1210 3690 sic.
1258 3624 1309 3689 Ac
1337 3619 1424 3707 legis:

364 3734 397 3814 α)
424 3732 513 3795 uelut
545 3770 585 3781 —
620 3731 680 3814 sic,
711 3753 806 3818 quam
840 3731 1092 3797 coniunctionem
1121 3732 1265 3818 Draeger
1298 3730 1328 3815 (l.
1350 3751 1376 3794 c.
1396 3749 1425 3812 p.

257 3839 333 3921 684)
360 3859 463 3902 raram
490 3859 560 3903 esse
595 3837 702 3920 docet,
734 3837 753 3903 I
787 3840 849 3904 936
884 3861 951 3926 sqq.
984 3869 1026 3898 --
1059 3838 1116 3908 IV
1142 3842 1181 3904 ll
1218 3860 1285 3925 sqq.
1319 3833 1427 3922 (ueluti

251 3945 369 4031 pueris
395 3997 401 4010 .
430 3997 436 4010 .
465 3997 471 4010 .
498 3947 620 4032 pocula
648 3947 774 4012 circum
801 3947 999 4031 coutiupuut
1027 3947 1133 4012 uzellis
1162 3945 1252 4012 aaut
1281 3946 1426 4031 flauoque

257 4053 382 4138 liquore
408 4104 414 4118 .
443 4104 450 4119 .
478 4104 504 4137 .,
528 4054 576 4120 sic
599 4074 653 4138 epo
676 4074 800 4126 uuuo.
828 4107 835 4121 .
863 4106 870 4121 .
896 4054 1018 4130 colui.
1047 4105 1054 4119 .
1082 4105 1089 4120 .
1115 4053 1300 4139 coutiuyerc
1325 4103 1332 4119 .
1359 4101 1366 4118 .
1392 4050 1425 4130 .);

256 4161 341 4226 1038
366 4161 479 4243 (ueluti
501 4167 627 4226 uuturu
650 4162 866 4228 automatum
889 4161 1044 4247 diffluit.
1066 4213 1085 4245 .,
1108 4162 1157 4227 aie
1180 4161 1295 4227 canuto
1316 4157 1427 4225 debmt
