2978 4822
832 314 874 378 56

747 407 960 414 *—

267 529 335 595 sqq.
358 509 446 595 (6555
469 531 596 595 qaoque
618 531 694 574 res.
716 561 722 574 .
748 510 859 593 5555.
880 513 909 593 .),
934 511 1013 589 9153
1035 508 1091 576 [v
1109 511 1183 590 209,
1206 512 1271 574 855
1293 509 1429 593 (5555..

267 618 355 701 qaod
379 669 385 682 .
414 620 443 700 .),
467 617 547 697 8963
570 615 607 683 V
627 619 700 696 248,
724 618 799 698 286,
823 618 897 697 665,
922 619 1001 697 986;
1024 613 1080 684 VI
1105 619 1201 697 1022,
1226 620 1321 698 1654,
1347 619 1432 681 1228.

373 724 405 808 b)
427 723 563 788 Locutio
592 724 674 807 5555
700 725 879 808 estquod?
904 745 975 787 oum
998 722 1170 788 indicativo
1193 724 1361 788 coniuncta
1382 743 1431 810 pro

267 830 431 894 usitatiore
462 831 544 914 5555
572 836 620 894 est
649 833 730 895 aar?
761 852 825 894 uno
855 829 925 895 loco
955 838 1060 895 exstat
1081 829 1137 894 IH
1161 833 1224 896 931
1256 830 1350 915 (55555
1380 831 1433 895 tibi

143 920 169 1034 '¹
268 942 513 1023 1551555555,
537 938 696 1020 5555515755,
721 939 808 1021 5555
829 938 934 1002 555555
957 939 1063 1022 acatia
1087 937 1432 1021 1555655555555555)

373 1049 402 1130 5)
425 1044 489 1108 Pro
513 1043 634 1130 vulgari
657 1045 780 1109 aceedit
802 1045 901 1128 5555,
929 1043 1015 1130 quod
1042 1052 1138 1130 poeta
1164 1063 1295 1130 prorsus
1320 1044 1434 1124 vitavit,

266 1172 343 1216 usus
376 1160 426 1217 est
456 1152 615 1216 locutione
648 1153 730 1217 5555
764 1153 851 1236 5555
883 1151 902 1215 Ι
934 1154 997 1216 847
1033 1153 1124 1233 (adda
1159 1153 1246 1236 5555
1277 1152 1433 1216 5516555715

266 1260 372 1323 555555
396 1248 586 1344 primordia
614 1259 740 1344 fiapt't);
769 1258 825 1321 ΙΠ
854 1261 916 1324 827
948 1260 1040 1342 (adde
1069 1259 1218 1342 sororem
1251 1310 1257 1324 .
1286 1310 1293 1324 .
1321 1307 1328 1324 .
1361 1259 1434 1322 5555

268 1368 378 1450 5555.
399 1370 433 1450 .);
456 1365 512 1433 IV
526 1368 611 1431 1113
635 1388 681 1452 55.
705 1367 796 1449 (addc
820 1367 907 1451 5555
928 1367 1112 1430 absumant
1133 1366 1216 1430 55555
1235 1370 1433 1451 pereuntque

269 1474 389 1555 156555,
413 1475 494 1538 adde
517 1474 627 1558 55555.
648 1476 682 1558 .);
706 1471 761 1540 VI
785 1475 896 1556 3301),
919 1480 974 1537 aut
995 1474 1118 1538 accedit
1139 1477 1219 1557 5511).

374 1579 405 1663 d)
434 1580 527 1657 Quod
548 1601 606 1666 pro
629 1601 668 1644 co
691 1578 777 1665 quod
800 1588 849 1644 est
871 1581 958 1664 5555
980 1580 1099 1644 attinet
1120 1581 1164 1644 55
1185 1581 1309 1666 repperi
1325 1579 1363 1642 Π
1377 1581 1432 1643 532

267 1693 359 1771 (uam
382 1688 469 1771 5555
490 1707 570 1751 rara
592 1687 682 1751 55555
704 1687 812 1771 maffia
835 1707 901 1751 essa
923 1687 1088 1752 5555555155
1111 1689 1273 1772 quaedam
1298 1738 1305 1751 .
1334 1738 1340 1752 .
1369 1738 1375 1751 .
1404 1691 1434 1748 at

266 1794 396 1878 5555555
420 1795 548 1878 locoque
571 1795 636 1858 5755
659 1795 766 1859 malta
789 1794 862 1859 licet
880 1815 996 1878 555555
1019 1815 1085 1859 ease
1106 1795 1146 1859 55
1169 1815 1203 1858 55
1229 1845 1236 1859 .
1260 1797 1297 1878 .);
1319 1793 1375 1856 ΠΙ
1396 1796 1430 1856 41

268 1905 358 1984 (aaut
384 1902 470 1986 5555
494 1951 501 1966 .
529 1906 564 1984 .);
587 1900 704 1968 17913
728 1904 819 1985 (5555
842 1903 930 1989 55555
954 1953 960 1967 .
989 1906 1017 1985 .).

373 2013 401 2094 5)
424 2009 661 2092 Praeterquam
684 2011 771 2094 5555
792 2030 857 2073 uno
880 2008 949 2073 loco
973 2015 1078 2074 exstat
1099 2007 1156 2072 ΙΠ
1179 2011 1253 2074 822.

373 2114 398 2200 f)
427 2116 507 2181 Nisi
536 2117 623 2200 5555
651 2138 722 2180 oum
751 2117 881 2181 notione
910 2115 1105 2202 exceptionis
1135 2137 1251 2181 sonans
1274 2136 1343 2180 555
1364 2116 1433 2180 dass

266 2222 364 2287 semel
390 2230 512 2287 tantum
540 2223 655 2308 legitur
682 2222 737 2291 IV
755 2226 818 2288 754
846 2223 927 2307 (uisi
954 2225 1041 2308 5555
1066 2223 1433 2308 5555155555555557).

268 2329 391 2396 Ceteris
413 2329 491 2395 locis
514 2329 569 2393 ubi
592 2331 663 2394 5555
678 2332 765 2414 5555
786 2331 940 2418 reperitur
962 2329 1019 2393 HI
1041 2333 1122 2412 4803
1145 2329 1200 2398 IV
1218 2331 1296 2410 7563
1319 2329 1355 2398 V
1376 2331 1432 2395 349

267 2439 354 2522 5555
376 2436 529 2523 particula
551 2437 686 2501 causalis
709 2445 759 2502 est
781 2459 967 2523 quamquam
986 2437 1270 2521 115551551551553)
1294 2436 1432 2501 omnibus

266 2543 328 2608 illis
351 2542 439 2624 locis,
461 2543 626 2629 Briegcr⁴)
649 2541 705 2612 IV
729 2546 794 2609 754
816 2552 849 2609 51
873 2546 936 2609 756
961 2543 1031 2610 illas
1054 2567 1238 2612 voccsvrm
1173 2539 1432 2631 vimexoipiendi

265 2651 381 2742 habere
405 2659 527 2738 putant.

613 2833 642 2895 2.
675 2829 727 2895 De
749 2830 911 2918 particulis
934 2839 971 2895 ut
993 2838 1028 2898 at
1047 2853 1096 2896 ne.

372 2972 469 3051 Quod
493 2973 714 3059 particularum
736 2979 777 3039 at
798 2981 831 3039 et
852 2995 894 3039 55
909 2995 986 3039 usus
1001 2973 1210 3039 Lucretiauus
1228 2973 1306 3038 nihil
1321 2993 1434 3038 memo-

265 3079 362 3144 rabile
385 3081 528 3167 praebet,
551 3082 628 3146 satis
651 3081 753 3146 habeo
776 3082 873 3147 verba
896 3089 929 3146 et
950 3082 1124 3147 locutiones
1148 3103 1339 3162 enumerare,
1365 3085 1433 3167 post

264 3209 344 3272 quae
367 3188 439 3252 illae
461 3188 632 3275 particulae
656 3187 741 3276 apud
763 3187 947 3254 Irucretium
970 3188 1179 3256 inveniantur.
1229 3187 1312 3253 Sunt
1333 3196 1434 3252 autem

374 3369 393 3436 1)
413 3367 446 3421 In
468 3368 511 3422 VI
526 3369 577 3422 335
593 3366 706 3421 Lachm.
721 3385 771 3438 pro
786 3357 865 3422 codd.
880 3368 1018 3438 scriptura
1036 3367 1130 3421 555555
1148 3363 1219 3436 5555
1236 3367 1353 3421 coniecit
1370 3364 1432 3418 5555
1467 3325 1468 3355 l

264 3459 342 3526 5555.
380 3456 436 3512 856
458 3456 532 3512 hauc
557 3457 743 3512 coniecturam
766 3457 837 3510 nulli
863 3456 999 3512 editorum
1024 3461 1073 3510 aut
1096 3457 1279 3528 interpretum
1298 3455 1432 3528 probavit;

263 3563 353 3616 neque
372 3547 400 3601 id
419 3547 520 3600 mirum
539 3552 588 3600 est.
617 3545 742 3616 Exponit
756 3547 829 3600 enim
844 3551 927 3616 poeta
944 3545 1009 3600 inde
1023 3563 1078 3600 av.
1090 3546 1142 3600 323
1160 3561 1258 3600 causas
1276 3543 1433 3599 mobilitatis

263 3634 389 3688 fulminis
406 3635 460 3689 hoc
474 3634 570 3689 modo:
588 3636 728 3689 5556575155
744 3641 834 3689 55555
851 3636 1215 3704 561Ῑ51555555..5555...
1234 3636 1302 3689 odda
1316 3635 1432 3704 5555...

262 3725 306 3777 (tea
302 3725 357 3777 555
383 3725 508 3793 5555..
532 3725 646 3794 55555555
669 3727 804 3794 qaod...
842 3724 932 3779 Cur
925 3742 953 3778 m
978 3725 1032 3780 hac
1060 3742 1205 3779 causarum
1232 3723 1467 3779 enumeratione
1466 3753 1467 3798 )

262 3814 357 3866 555555
376 3815 447 3882 qaod
465 3829 519 3868 non
540 3814 657 3885 quadret
675 3815 775 3869 nascio.

371 3903 644 3972 1551155555

371 3993 464 4061 ⁸)Die
496 3993 760 4048 subordiuierenden
793 3995 922 4049 causalen
956 3995 1177 4065 Oonjunctioncn
1211 3994 1255 4048 bei
1284 3992 1434 4054 Lucretius,

262 4083 358 4152 Progr.
377 4100 441 4136 zum
459 4083 618 4138 Jahresber.
638 4084 687 4138 der
704 4084 902 4139 Lateinschule
920 4102 955 4138 zu
975 4084 1296 4156 Fraukentha11880s81
1316 4101 1342 4154 p.
1359 4085 1399 4135 14.

368 4173 389 4242 ⁴)
409 4173 536 4241 Bursian,
554 4172 683 4227 Jahrasb.
704 4175 737 4228 27
757 4192 783 4244 p.
805 4176 864 4229 161.
