2978 4822
179 1401 321 1536 Studia
344 1469 535 1534 Lucretiana
558 1469 613 1534 diu
637 1471 795 1556 neglecta,
824 1479 993 1558 postquam
1016 1471 1238 1538 Lachmannus

69 1578 210 1643 editione
239 1599 297 1642 sua
326 1579 437 1642 critica
467 1577 619 1660 (Berolini
645 1580 740 1657 1850)
770 1577 900 1642 firmum
930 1579 1097 1643 constituit
1125 1579 1239 1645 lunda-

68 1694 224 1765 mentum,
254 1708 316 1770 quo
346 1686 407 1749 niti
436 1686 595 1771 possimus
624 1686 658 1748 in
688 1684 908 1771 cognoscendo
938 1684 1080 1750 Lucretii
1110 1687 1239 1752 dicendi

67 1816 191 1880 genere,
213 1792 361 1878 idemque
377 1801 410 1857 et
425 1793 542 1857 Munro
566 1793 799 1858 commentariis
819 1794 885 1858 suis
901 1794 1032 1857 carmini
1047 1793 1240 1860 Lucretiano

67 1903 173 1965 lucem
193 1900 383 1980 adtulerunt,
405 1899 487 1964 laete
511 1899 715 1965 efflorescere
738 1909 919 1987 coeperunt
957 1900 1117 1978 Quoniam
1133 1910 1239 1967 autem

68 2016 194 2074 constat
216 2007 257 2072 ad
279 2008 404 2094 plenam
421 2030 458 2072 ac
474 2007 648 2094 perfectam
670 2008 796 2094 linguae
812 2009 1024 2093 cognitionem
1040 2009 1102 2072 nisi
1118 2009 1241 2095 singula

68 2116 304 2180 accuratissime
328 2114 539 2200 perquirendo
558 2115 718 2201 perveniri
740 2137 804 2178 non
826 2136 930 2200 posse,
953 2115 1044 2179 multi
1067 2117 1129 2180 viri
1153 2116 1240 2181 docti

68 2225 102 2286 in
126 2222 266 2308 singulas
295 2223 447 2287 sermonis
475 2221 660 2286 Lucretiam
686 2229 792 2308 partes
821 2220 989 2307 diiigenter
1016 2223 1239 2288 examinandas

67 2327 288 2394 incubuerunt
326 2328 439 2414 Neque
455 2352 532 2395 vero
548 2328 690 2393 Lucretii
712 2327 841 2394 dicendi
862 2351 962 2415 genus
986 2327 1026 2394 ab
1050 2331 1135 2393 omni
1150 2339 1240 2416 parte

67 2437 279 2523 perquisitum
306 2445 400 2522 atque
430 2436 620 2501 illustratum
644 2446 706 2516 est3
736 2444 858 2500 restant
887 2435 991 2501 adhuc
1020 2436 1132 2517 multa,
1160 2461 1240 2522 quac

68 2543 208 2608 nondum
240 2545 316 2608 satis
347 2545 493 2630 exposita
522 2552 617 2629 atque
647 2543 816 2630 explanata
845 2544 922 2622 sint,
951 2566 1054 2630 neque
1084 2567 1130 2623 ea,
1160 2568 1240 2631 quae

68 2651 219 2715 Holtzius
241 2651 275 2714 in
297 2650 405 2717 libello
429 2674 500 2731 suo,
528 2653 583 2736 qni
605 2649 804 2716 inscribitur:
835 2651 995 2735 Speluncis
1023 2652 1241 2718 Isucretc'nnnc

70 2761 270 2824 lincamenta
304 2758 444 2845 (Lipsiae
469 2761 579 2838 1868),
607 2756 716 2837 docet,
739 2756 780 2822 ad
803 2779 981 2822 sermonem
1014 2758 1156 2823 Lucretii
1188 2782 1240 2824 ac-

69 2873 178 2930 curate
206 2864 460 2951 cognoscendum
489 2865 666 2930 sufficiunt
717 2864 943 2949 Praeterquam
971 2865 1055 2929 enim
1083 2864 1169 2950 quod
1191 2867 1242 2932 vir

69 2972 276 3038 doctissimus
299 2972 361 3037 alia
383 2972 475 3058 plane
505 2974 624 3052 omisit,
654 2972 714 3036 alia
741 2973 846 3036 minus
868 2980 955 3038 recte
983 2973 1144 3059 exposuit,
1173 2973 1240 3037 fere

70 3081 149 3143 satis
172 3078 283 3145 habuit
305 3079 449 3145 conterre
477 3079 624 3166 exempla
650 3102 752 3165 neque
776 3102 852 3144 vero
875 3081 1064 3166 perquisivit
1086 3087 1240 3165 quatenus

69 3187 239 3251 Lucretius
262 3185 362 3252 bonae
385 3187 550 3252 latinitatis
579 3188 751 3274 scriptores
780 3195 909 3251 secutus
938 3188 993 3266 sit,
1023 3194 1177 3273 quatenus
1201 3185 1241 3252 ab

69 3295 110 3357 iis
132 3295 307 3358 recesserit
353 3293 428 3371 Qua
450 3294 490 3359 de
514 3316 610 3359 causa
633 3295 891 3359 coniunctionum
907 3316 997 3358 usum
1015 3293 1241 3358 Lucretianum
1332 3327 1343 3346 ·¹

70 3402 249 3465 accuratius
272 3403 465 3488 perscmtari
493 3400 571 3464 mihi
593 3402 627 3464 in
650 3402 754 3464 animo
778 3409 827 3465 est
849 3422 952 3485 neque
975 3423 1087 3465 vereor
1109 3423 1150 3464 ne
1174 3424 1242 3464 sus-

70 3509 209 3594 ceperim
231 3507 371 3574 laborem
394 3501 538 3573 inutilem
561 3509 746 3595 praesertim
776 3530 849 3572 cum
872 3507 1020 3571 Holtzius
1043 3507 1120 3572 solis
1144 3531 1242 3594 oopu-

70 3615 178 3680 lativis
202 3615 486 3696 coniunctionibus,
509 3624 545 3680 ut
567 3617 637 3702 ipse
659 3615 778 3680 latetur
800 3616 833 3679 in
849 3614 1046 3700 praelatione
1069 3613 1169 3680 libelli
1185 3616 1243 3696 sui,

72 3720 215 3786 sedulam
239 3745 366 3809 operam
389 3724 554 3789 novaverit
582 3731 615 3788 et
636 3722 676 3788 ab
699 3721 799 3787 altera
821 3730 910 3808 parte
933 3731 1081 3786 accurata
1103 3724 1242 3808 cognitio

71 3851 148 3910 usus
172 3831 430 3895 coniunctionum
459 3854 554 3917 saepe
577 3831 711 3894 multum
740 3852 798 3894 nos
822 3829 954 3895 adiuvet
976 3829 1017 3895 ad
1040 3837 1153 3916 poetae
1177 3851 1243 3892 ma-

71 3960 147 4001 num
169 3937 411 4017 restituendam,
441 3947 477 4003 ut
506 3961 547 4003 ex
576 3938 636 4003 hac
666 3938 930 4002 commentatione
961 3938 1038 4001 satis
1068 3935 1243 4023 apparebit.

70 4045 327 4111 Praetermittam
351 4054 456 4111 autem
472 4046 711 4110 coniunctiones
730 4045 928 4131 copulativae
952 4044 991 4110 ab
1007 4044 1138 4108 Holtzio
1161 4051 1244 4107 trac-

70 4161 168 4233 tatas,
200 4153 355 4234 causaleS,
389 4177 469 4239 quae
500 4155 533 4217 in
567 4153 732 4218 sententiis
765 4151 979 4218 subordinatis
1010 4152 1171 4237 leguntur,
1203 4148 1243 4214 de
