2978 4822
655 265 697 346 60

572 359 786 368 ——-..-.

197 466 226 547 y)
244 462 375 547 pariter
398 501 439 510 -
465 462 563 547 quau'
584 461 621 530 V
638 464 701 535 548
722 484 767 546 sq.

16 647 17 670 ἦ
198 571 225 652 3)
254 569 359 646 Quasi
381 570 412 633 si
434 591 497 633 uno
519 569 589 634 loco
606 577 710 633 exstat
723 568 780 638 IV
797 572 881 635 1007
903 571 1011 654 (quasi
1025 570 1057 634 sa‘
1070 571 1265 654 iuqulaulur

23 715 26 722 «
95 675 232 760 ibidem).

451 891 469 954 6
513 889 565 954 De
588 890 742 977 particula
760 890 909 976 pammac.

198 1031 233 1096 P.
252 1033 392 1117 perinde
420 1053 483 1095 unc
511 1031 580 1095 loco
603 1032 719 1116 legitur
746 1032 913 1097 coniuncta
940 1054 1009 1096 cum
1038 1057 1068 1118 p.
1093 1039 1264 1117 tamquam

96 1138 148 1205 IV
164 1141 226 1204 260
251 1139 390 1224 fictuque
401 1139 541 1224 pemude
556 1140 706 1204 uidemus
727 1160 857 1242 carpam
879 1144 951 1204 tum
967 1142 1084 1225 plaqas
1099 1140 1139 1204 iu
1153 1145 1264 1204 uostro

97 1251 265 1330 tamquam
288 1247 419 1330 aliquae
441 1268 493 1311 ms
515 1247 666 1312 uerberat.

481 1481 499 1542 7
544 1478 597 1543 De
619 1479 774 1565 particula
795 1479 874 1545 ulai.

198 1619 462 1686 Coniunctionem
496 1622 565 1686 utsa'
599 1620 684 1685 idem
714 1621 941 1706 significantem
974 1630 1068 1706 atque
1098 1621 1196 1706 quau‘
1225 1644 1264 1686 ex

94 1729 248 1790 communi
279 1729 465 1813 scriptorum
496 1750 555 1792 usu
579 1728 798 1793 coniunctivus
822 1729 964 1813 sequitur
985 1729 1041 1796 IV
1058 1732 1119 1794 991
1146 1729 1264 1812 (erebro

95 1837 107 1918 <
135 1857 230 1899 cauas
261 1838 274 1917 )
303 1836 488 1900 redducunt
518 1836 659 1900 maribus
693 1857 796 1900 auras
828 1842 869 1901 ut
902 1837 1039 1920 oestiqt'a
1072 1837 1104 1900 sa'
1135 1841 1266 1900 leucam
1352 1885 1355 1890 -

93 1942 227 2006 iuoeuta
242 1943 423 2026 ferarum);
448 1942 503 2009 VI
521 1945 583 2007 152
601 1943 809 2025 (lauricomos
824 1943 894 2007 utsa'
905 1964 967 2027 per
982 1948 1107 2007 moutes
1125 1943 1265 2026 flamma

95 2055 245 2134 cupetur).
298 2049 361 2113 Pro
390 2073 421 2135 p.
451 2051 521 2114 uisi
550 2049 725 2134 simplicem
754 2048 938 2135 particulam
967 2054 1008 2114 ut
1036 2050 1067 2112 in
1098 2048 1153 2114 VI
1178 2053 1263 2114 1220

94 2157 227 2240 positam
251 2178 321 2220 3333
345 2156 405 2220 viri
429 2155 515 2219 docti
537 2165 659 2243 putant.
705 2156 757 2221 Ibi
780 2156 863 2220 enim
886 2155 964 2220 haec
986 2156 1147 2241 leguntur:

792 2263 853 2328 ubt‘
874 2285 908 2327 33
931 2264 1069 2348 quisque
1092 2263 1221 2327 uidebat

178 2370 381 2454 implicitum
411 2370 540 2452 morlo,
571 2371 672 2435 morti
693 2371 874 2435 damuatus
896 2376 936 2435 ut
958 2376 1039 2435 esset
1074 2422 1080 2434 .
1120 2422 1126 2435 .
1166 2421 1173 2434 .

199 2493 341 2558 Adnotat
363 2494 460 2578 igitur
474 2495 619 2560 Lachm:
643 2495 767 2581 aptius,
790 2495 851 2559 nisi
870 2495 970 2575 fallor,
994 2497 1087 2559 morti
1106 2494 1265 2559 damnatu'

82 2602 180 2686 ¹quasi
204 2609 305 2666 esset:
328 2601 442 2665 falsum
467 2609 516 2665 est
539 2602 622 2666 enim
645 2602 764 2664 nullum
788 2601 898 2666 morbo
922 2609 1099 2686 correptum
1122 2610 1264 2666 sanatum

93 2730 168 2772 esse.
199 2715 233 2770 ut
255 2730 313 2793 pro
336 2710 399 2772 utsi
426 2729 519 2793 quam
545 2716 632 2782 recte
655 2708 778 2772 dicatur
800 2709 930 2792 ignoro!
974 2707 1125 2772 Similiter
1147 2707 1266 2773 iudicat

93 2814 223 2879 Munro:
246 2823 293 2895 ‚ut
316 2822 400 2878 esset
415 2822 500 2879 must
515 2815 554 2879 be
569 2815 709 2895 formai,
733 2816 832 2901 quasi,
854 2818 1013 2900 tamquam
1030 2822 1122 2895 esset,
1145 2815 1263 2900 though

94 2923 117 2984 it
138 2922 165 2986 is
189 2945 208 2985 a
232 2944 308 3007 very
331 2943 400 2986 rare
423 2928 498 2985 use‘.
543 2922 651 3007 Atque
674 2944 771 2985 unum
794 2930 914 2986 tantum
944 2921 1121 3008 exemplum
1144 2922 1266 3007 profert

94 3030 123 3092 in
146 3028 339 3112 corrigendis
362 3051 379 3093 3
395 3028 496 3096 Livio
513 3027 616 3112 (VIII
633 3031 728 3114 37,6).
762 3028 920 3114 Equidem
943 3051 1020 3093 vero
1039 3052 1101 3092 non
1117 3029 1265 3113 intellego

95 3158 146 3200 cur
168 3159 199 3222 p.
222 3141 261 3200 ul
287 3135 338 3198 hic
361 3133 445 3199 idem
468 3158 538 3200 3333
562 3143 708 3222 oporteat
730 3144 824 3222 atque
847 3139 927 3201 utsa'.
976 3135 1028 3199 An
1058 3134 1133 3221 quid
1160 3136 1266 3200 obstat

95 3244 256 3328 quominus
283 3243 387 3307 locum
415 3243 461 3306 sic
486 3242 694 3328 explicemus:
719 3242 773 3307 ubi
797 3265 831 3306 33
854 3245 987 3327 quisque
1010 3243 1055 3306 ita
1078 3243 1264 3329 implicitum

95 3350 200 3415 morbo
224 3348 353 3414 videbat
375 3358 411 3413 ut
433 3349 526 3413 morti
549 3347 715 3412 damnatus
740 3357 836 3429 esset,
858 3348 1006 3413 deficiens
1026 3349 1129 3412 animo
1145 3358 1265 3413 maesto

95 3478 161 3520 cum
192 3455 288 3520 corde
318 3456 464 3520 iacebat?
514 3455 628 3540 Neque
659 3457 742 3519 enim
772 3455 826 3520 ubi
857 3477 891 3520 33
918 3455 1050 3540 quisque
1074 3455 1184 3520 morbo
1207 3456 1265 3519 im-

95 3563 232 3647 plicitum
248 3561 386 3644 videbat,
410 3563 515 3626 animo
533 3560 660 3642 defecit,
684 3561 741 3627 sed
763 3562 869 3648 potius
894 3561 947 3626 ubi
971 3560 1064 3626 adeo
1079 3562 1189 3627 morbo
1208 3563 1266 3626 im-

96 3669 233 3754 plicitum
262 3691 296 3734 33
324 3668 454 3734 videbat
481 3677 517 3733 ut
544 3691 616 3755 spes
641 3651 751 3734 salutis
774 3669 860 3734 nulla
883 3668 943 3733 iam
968 3675 1061 3734 esset.
1106 3669 1266 3734 Particula

16 3839 17 3864 q
96 3783 131 3841 ut
162 3778 259 3860 igitur
293 3759 360 3840 sine
395 3774 492 3841 dubio
525 3775 728 3841 consecutiva
758 3773 971 3860 intellegenda
1001 3782 1057 3839 est.
1112 3776 1195 3840 Nam
1225 3798 1264 3839 ne

97 3880 302 3964 Lachmanni‚
331 3883 514 3969 Bernaysii,
544 3883 711 3948 Munronis
742 3882 874 3947 aliorum
904 3882 1078 3946 sentcntiae
1108 3882 1148 3947 de
1174 3883 1206 3946 vi
1229 3905 1265 3946 ac

97 3990 220 4055 notione
250 3989 421 4076 particulae
451 3996 490 4055 ut
521 3989 735 4055 adsentiamur
766 3997 911 4056 vetamur
941 4013 972 4055 v.
1002 3991 1086 4054 1231
1096 4037 1106 4070 ,
1138 3989 1170 4053 in
1203 4011 1265 4073 quo

97 4105 236 4162 narratur
258 4097 329 4161 illos
352 4097 504 4177 homines,
528 4097 581 4184 qui
600 4097 710 4162 morbo
725 4097 895 4184 implicitos
911 4120 945 4162 33
961 4096 1108 4177 viderint,
1123 4102 1265 4160 mortuos
